@string{SMF="Soc. math. France"}
@string{LNM="Lecture Notes in Math."}
@string{GTM="Graduate Texts in Math."}
@string{AMS="Amer. Math. Soc."}
@string{Springer="Springer-Verlag"}

NOTE: key shows in the text but not in the bib, rendering the field useless

@article {MR1030141,
    AUTHOR = {Eisenbud, David and Lange, Herbert and Martens, Gerriet and
              Schreyer, Frank-Olaf},
     TITLE = {The {C}lifford dimension of a projective curve},
   JOURNAL = {Compositio Math.},
  FJOURNAL = {Compositio Mathematica},
    VOLUME = {72},
      YEAR = {1989},
    NUMBER = {2},
     PAGES = {173--204},
      ISSN = {0010-437X},
   MRCLASS = {14H45 (14C20 14J28)},
  MRNUMBER = {1030141},
MRREVIEWER = {Olivier Debarre},
       URL = {http://www.numdam.org/item?id=CM_1989__72_2_173_0},
}

@techreport{SixOperations,
invkey = {nlab},
author = {Urs Schreiber and others},
year = {2011--},
title = {Six operations},
url = {http://ncatlab.org/nlab/show/six+operations},
type = {web page},
 ZBLNUMBER = {1247.90003},
}

https://ncatlab.org/nlab/show/six+operations

@article {MR1221726,
    AUTHOR = {Keem, Changho},
     TITLE = {Reducible {H}ilbert scheme of smooth curves with positive
              {B}rill--{N}oether number},
   JOURNAL = {Proc. Amer. Math. Soc.},
  FJOURNAL = {Proceedings of the American Mathematical Society},
    VOLUME = {122},
      YEAR = {1994},
    NUMBER = {2},
     PAGES = {349--354},
      ISSN = {0002-9939},
   MRCLASS = {14H10 (14C05)},
  MRNUMBER = {1221726},
MRREVIEWER = {Angelo Lopez},
       DOI = {10.2307/2161023},
       URL = {https://doi.org/10.2307/2161023},
     MRKEY = {1221726},
 ZBLNUMBER = {0860.14003},
}

@article {MR3980289,
    AUTHOR = {Keem, Changho and Kim, Yun-Hwan and Lopez, Angelo Felice},
     TITLE = {Irreducibility and components rigid in moduli of the {H}ilbert
              scheme of smooth curves},
   JOURNAL = {Math. Z.},
  FJOURNAL = {Mathematische Zeitschrift},
    VOLUME = {292},
      YEAR = {2019},
    NUMBER = {3-4},
     PAGES = {1207--1222},
      ISSN = {0025-5874},
   MRCLASS = {14C05 (14C20)},
  MRNUMBER = {3980289},
MRREVIEWER = {C\'{e}sar Lozano Huerta},
       DOI = {10.1007/s00209-018-2130-1},
     MRKEY = {3980289},
 ZBLNUMBER = {1423.14029},
}
@article {MazurBulletin,
    AUTHOR = {Mazur, Barry},
     TITLE = {Arithmetic on curves},
   JOURNAL = {Bull. Amer. Math. Soc. $($N.S.$)$},
  FJOURNAL = {American Mathematical Society. Bulletin. New Series},
    VOLUME = {14},
      YEAR = {1986},
    NUMBER = {2},
     PAGES = {207--259},
      ISSN = {0273-0979},
   MRCLASS = {11G30 (11D41 14Gxx 14K15)},
  MRNUMBER = {828821},
MRREVIEWER = {C.-G. Schmidt},
       DOI = {10.1090/S0273-0979-1986-15430-3},
     MRKEY = {828821},
 ZBLNUMBER = {0593.14021},
}

@article {MR364271,
    AUTHOR = {Peskine, C. and Szpiro, L.},
     TITLE = {Liaison des vari\'{e}t\'{e}s alg\'{e}briques, {I}},
   JOURNAL = {Invent. Math.},
  FJOURNAL = {Inventiones Mathematicae},
    VOLUME = {26},
      YEAR = {1974},
     PAGES = {271--302},
      ISSN = {0020-9910},
   MRCLASS = {14M10},
  MRNUMBER = {364271},
MRREVIEWER = {G. Horrocks},
       DOI = {10.1007/BF01425554},
     MRKEY = {364271},
 ZBLNUMBER = {0298.14022},
}

@article {Mukai1,
    AUTHOR = {Mukai, Shigeru},
     TITLE = {Curves and symmetric spaces, {I}},
   JOURNAL = {Amer. J. Math.},
  FJOURNAL = {American Journal of Mathematics},
    VOLUME = {117},
      YEAR = {1995},
    NUMBER = {6},
     PAGES = {1627--1644},
      ISSN = {0002-9327},
   MRCLASS = {14H45 (14J45 14M17)},
  MRNUMBER = {1363081},
MRREVIEWER = {Raquel Mallavibarrena},
       DOI = {10.2307/2375032},
     MRKEY = {1363081},
 ZBLNUMBER = {0871.14025},
}

@article {Mukai2,
    AUTHOR = {Mukai, Shigeru},
     TITLE = {Curves and symmetric spaces, {II}},
   JOURNAL = {Ann. of Math. $(2)$},
  FJOURNAL = {Annals of Mathematics. Second Series},
    VOLUME = {172},
      YEAR = {2010},
    NUMBER = {3},
     PAGES = {1539--1558},
      ISSN = {0003-486X},
   MRCLASS = {14H45 (14C20 14H51 14M15)},
  MRNUMBER = {2726093},
MRREVIEWER = {Raquel Mallavibarrena},
       DOI = {10.4007/annals.2010.172.1539},
     MRKEY = {2726093},
 ZBLNUMBER = {1210.14034},
}

@article {Mukai3,
    AUTHOR = {Mukai, Shigeru},
     TITLE = {New developments in {F}ano manifold theory related to the
              vector bundle method and moduli problems},
   JOURNAL = {S\={u}gaku},
  FJOURNAL = {Mathematical Society of Japan. S\={u}gaku (Mathematics)},
    VOLUME = {47},
      YEAR = {1995},
    NUMBER = {2},
     PAGES = {125--144},
      ISSN = {0039-470X},
   MRCLASS = {14J45 (14J10 14J60)},
  MRNUMBER = {1364825},
MRREVIEWER = {Takao Fujita},
     MRKEY = {1364825},
 ZBLNUMBER = {0889.14020},
}

@article {mullane,
    AUTHOR = {Mullane, Scott},
     TITLE = {The {H}urwitz space {P}icard rank conjecture for {$d >
              g-1$}},
   JOURNAL = {Adv. Math.},
  FJOURNAL = {Advances in Mathematics},
    VOLUME = {430},
      YEAR = {2023},
     PAGES = {Paper No. 109211, 27},
      ISSN = {0001-8708},
   MRCLASS = {14H10 (14C22 14H30)},
  MRNUMBER = {4619446},
       DOI = {10.1016/j.aim.2023.109211},
     MRKEY = {4619446},
 ZBLNUMBER = {1522.14040},
}

@book {Swanson-Huneke,
    AUTHOR = {Huneke, Craig and Swanson, Irena},
     TITLE = {Integral closure of ideals, rings, and modules},
    SERIES = {London Mathematical Society Lecture Note Series},
    NUMBER = {336},
 PUBLISHER = {Cambridge University Press, Cambridge},
      YEAR = {2006},
     PAGES = {xiv+431},
      ISBN = {978-0-521-68860-4; 0-521-68860-4},
   MRCLASS = {13B22 (13A18 13A30 13A35 13H15 14A05)},
  MRNUMBER = {2266432},
MRREVIEWER = {Liam O'Carroll},
     MRKEY = {2266432},
 ZBLNUMBER = {1117.13001},
}

@article {MR3908670,
    AUTHOR = {Atanasov, Atanas and Larson, Eric and Yang, David},
     TITLE = {Interpolation for normal bundles of general curves},
   JOURNAL = {Mem. Amer. Math. Soc.},
  FJOURNAL = {Memoirs of the American Mathematical Society},
    VOLUME = {257},
      YEAR = {2019},
    NUMBER = {1234},
     PAGES = {v+105},
      ISSN = {0065-9266},
      ISBN = {978-1-4704-3489-2; 978-1-4704-4951-3},
   MRCLASS = {14H45 (14D06 14H60 14N05)},
  MRNUMBER = {3908670},
MRREVIEWER = {Tomasz Szemberg},
       DOI = {10.1090/memo/1234},
     MRKEY = {3908670},
 ZBLNUMBER = {1471.14004},
}
@article {kaji-tangentialDegeneracy,
    AUTHOR = {Kaji, Hajime},
     TITLE = {On the tangentially degenerate curves},
   JOURNAL = {J. London Math. Soc. $(2)$},
  FJOURNAL = {Journal of the London Mathematical Society. Second Series},
    VOLUME = {33},
      YEAR = {1986},
    NUMBER = {3},
     PAGES = {430--440},
      ISSN = {0024-6107,1469-7750},
   MRCLASS = {14H45},
  MRNUMBER = {850959},
MRREVIEWER = {Ciro\ Ciliberto},
       DOI = {10.1112/jlms/s2-33.3.430},
     MRKEY = {850959},
 ZBLNUMBER = {0565.14017},
}

@techreport{arxiv:2008.10765,
author = {Larson, E and Larson, H and Vogt, I},
url = {arXiv:2008.10765},
title = {Global Brill--Noether theory over the Hurwitz space},
type = {preprint},
year = {2008},
 ZBLNUMBER = {1477.14014},
}

@techreport {arXiv:2205.00266,
author = {Rathmann, J.},
title = {Geometric Koszul complexes, syzygies of K3 surfaces and the Tango bundle},
year = {2022},
type = {preprint},
howpublished = {arxiv:2205.00266v1},
 ZBLNUMBER = {0706.14025},
}

@article {MR4213770,
    AUTHOR = {Kemeny, Michael},
     TITLE = {Universal secant bundles and syzygies of canonical curves},
   JOURNAL = {Invent. Math.},
  FJOURNAL = {Inventiones Mathematicae},
    VOLUME = {223},
      YEAR = {2021},
    NUMBER = {3},
     PAGES = {995--1026},
      ISSN = {0020-9910,1432-1297},
   MRCLASS = {14N07 (13D02)},
  MRNUMBER = {4213770},
MRREVIEWER = {Jinhyung\ Park},
       DOI = {10.1007/s00222-020-01001-5},
     MRKEY = {4213770},
 ZBLNUMBER = {1473.14058},
}

@incollection {MR0589222,
    AUTHOR = {Hartshorne, Robin},
     TITLE = {On the classification of algebraic space curves},
 BOOKTITLE = {Vector bundles and differential equations},
venue = {Nice, 1979},
    SERIES = {Progr. Math.},
    number = {7},
     PAGES = {83--112},
 PUBLISHER = {Birkh\"{a}user, Boston},
      YEAR = {1980},
      ISBN = {3-7643-3022-8},
   MRCLASS = {14H10},
  MRNUMBER = {589222},
MRREVIEWER = {Ciro\ Ciliberto},
     MRKEY = {589222},
 ZBLNUMBER = {0452.14005},
}

@article {MR4653767,
    AUTHOR = {Larson, Eric and Vogt, Isabel},
     TITLE = {Interpolation for {B}rill--{N}oether curves},
   JOURNAL = {Forum Math. Pi},
  FJOURNAL = {Forum of Mathematics. Pi},
    VOLUME = {11},
      YEAR = {2023},
     PAGES = {Paper No. e25},
      ISSN = {2050-5086},
   MRCLASS = {14H51 (14H60)},
  MRNUMBER = {4653767},
       DOI = {10.1017/fmp.2023.22},
     MRKEY = {4653767},
 ZBLNUMBER = {1528.14035},
}
@techreport {M22-23,
author = {Farkas, Gavril and Jensen, David and Payne, Sam},
title = {The Kodaira dimensions of $\overline M_22$ and $\overline M_23$},
year = {2023},
type = {preprint},
url = {web.ma.utexas.edu/users/sampayne/pdf/M23.pdf},
 ZBLNUMBER = {07822006},
}

@article {Perron,
    AUTHOR = {Perron, Oskar},
     TITLE = {\"{U}ber das {V}ahlensche {B}eispiel zu einem {S}atz von
              {K}ronecker},
   JOURNAL = {Math. Z.},
  FJOURNAL = {Mathematische Zeitschrift},
    VOLUME = {47},
      YEAR = {1941},
     PAGES = {318--324},
      ISSN = {0025-5874,1432-1823},
   MRCLASS = {14.0X},
  MRNUMBER = {6426},
MRREVIEWER = {R.\ J.\ Walker},
       DOI = {10.1007/BF01180964},
     MRKEY = {6426},
 ZBLNUMBER = {0024.27601},
}
@article {Vahlen,
    AUTHOR = {Vahlen, K. Th.},
     TITLE = {Bemerkung zur vollst\"{a}ndigen {D}arstellung algebraischer
              {R}aumcurven},
   JOURNAL = {J. Reine Angew. Math.},
  FJOURNAL = {Journal f\"{u}r die Reine und Angewandte Mathematik. [Crelle's
              Journal]},
    VOLUME = {108},
      YEAR = {1891},
     PAGES = {346--347},
      ISSN = {0075-4102,1435-5345},
   MRCLASS = {99-04},
  MRNUMBER = {1580250},
       DOI = {10.1515/crll.1891.108.346},
     MRKEY = {1580250},
 ZBLNUMBER = {23.0827.01},
}
@article {Kronecker,
    AUTHOR = {Kronecker, L.},
     TITLE = {Grundz\"{u}ge einer arithmetischen {T}heorie der algebraische
              {G}r\"{o}ssen},
   JOURNAL = {J. Reine Angew. Math.},
  FJOURNAL = {Journal f\"{u}r die Reine und Angewandte Mathematik. [Crelle's
              Journal]},
    VOLUME = {92},
      YEAR = {1882},
     PAGES = {1--122},
      ISSN = {0075-4102,1435-5345},
   MRCLASS = {99-04},
  MRNUMBER = {1579896},
       DOI = {10.1515/crll.1882.92.1},
     MRKEY = {1579896},
 ZBLNUMBER = {14.0038.02},
}
@article {Eisenbud-Evans,
    AUTHOR = {Eisenbud, David and Evans, Jr., E. Graham},
     TITLE = {Every algebraic set in {$n$}-space is the intersection of
              {$n$} hypersurfaces},
   JOURNAL = {Invent. Math.},
  FJOURNAL = {Inventiones Mathematicae},
    VOLUME = {19},
      YEAR = {1973},
     PAGES = {107--112},
      ISSN = {0020-9910,1432-1297},
   MRCLASS = {14M10 (13B25)},
  MRNUMBER = {327783},
MRREVIEWER = {S.\ L.\ Kleiman},
       DOI = {10.1007/BF01418923},
     MRKEY = {327783},
 ZBLNUMBER = {0287.14002},
}
@book{Poetry,
author = {Osserman, Robert},
title = {Poetry of the Universe: A mathematical exploration},
publisher = {Anchor},
year = {2011},
isbn = {978-0385474290},
 ZBLNUMBER = {1329.00028},
}
\noindent Brill A. and M. Noether 1894  Die Entwicklung der Theorie der algebraischen Functionen in alterer und neuerer Zeit, \emph{Jahrsbericht den Deutschen mathematiker Vereinigung} 3, 107--566.

@article{Noether1873,
author = {Noether, Max},
year = {1873},
journal = {Math. Annalen},
fjournal = {Mathematische Annalen},
title = {Ueber einen Satz aus der Theorie der algebraischen Functionen},
pages = {351--359},
volume = {6},
       DOI = {10.1007/BF01442793},
 ZBLNUMBER = {19.0399.04},
}

@article {MR4026452,
    AUTHOR = {Eisenbud, David and Ulrich, Bernd},
     TITLE = {Duality and socle generators for residual intersections},
   JOURNAL = {J. Reine Angew. Math.},
  FJOURNAL = {Journal f\"{u}r die Reine und Angewandte Mathematik. [Crelle's
              Journal]},
    VOLUME = {756},
      YEAR = {2019},
     PAGES = {183--226},
      ISSN = {0075-4102,1435-5345},
   MRCLASS = {13C40 (13A30)},
  MRNUMBER = {4026452},
MRREVIEWER = {Dipankar\ Ghosh},
       DOI = {10.1515/crelle-2017-0045},
     MRKEY = {4026452},
 ZBLNUMBER = {1425.13009},
}

@incollection {MR2202246,
    AUTHOR = {Bruno, Andrea and Verra, Alessandro},
     TITLE = {{$M_{15}$} is rationally connected},
 BOOKTITLE = {Projective varieties with unexpected properties},
     PAGES = {51--65},
 PUBLISHER = {Walter de Gruyter, Berlin},
      YEAR = {2005},
      ISBN = {978-3-11-018160-9; 3-11-018160-6},
   MRCLASS = {14H10 (14M20)},
  MRNUMBER = {2202246},
MRREVIEWER = {Mihnea\ Popa},
     MRKEY = {2202246},
 ZBLNUMBER = {1118.14031},
}

@incollection {MR0689536,
    AUTHOR = {Hartshorne, Robin},
     TITLE = {Genre de courbes alg\'{e}briques dans l'espace projectif
              (d'apr\`es {L}. {G}ruson et {C}. {P}eskine)},
 BOOKTITLE = {Bourbaki {S}eminar, {V}ol. 1981/1982},
    SERIES = {Ast\'{e}risque},
    number = {92-93},
     PAGES = {301--313},
 PUBLISHER = {Soc. Math. France, Paris},
      YEAR = {1982},
      ISBN = {2-85629},
   MRCLASS = {14H45 (14N05)},
  MRNUMBER = {689536},
MRREVIEWER = {D.\ Gallarati},
     MRKEY = {689536},
 ZBLNUMBER = {0524.14037},
}

@article {MR0690647,
    AUTHOR = {Gruson, Laurent and Peskine, Christian},
     TITLE = {Genre des courbes de l'espace projectif, {II}},
   JOURNAL = {Ann. Sci. \'{E}cole Norm. Sup. $(4)$},
  FJOURNAL = {Annales Scientifiques de l'\'{E}cole Normale Sup\'{e}rieure.
              Quatri\`eme S\'{e}rie},
    VOLUME = {15},
      YEAR = {1982},
    NUMBER = {3},
     PAGES = {401--418},
      ISSN = {0012-9593},
   MRCLASS = {14H45},
  MRNUMBER = {690647},
MRREVIEWER = {D.\ Gallarati},
       URL = {http://www.numdam.org/item?id=ASENS_1982_4_15_3_401_0},
     MRKEY = {690647},
       DOI = {10.24033/asens.1431},
 ZBLNUMBER = {0517.14007},
}
@article {MR3320849,
    AUTHOR = {Deopurkar, Anand and Patel, Anand},
     TITLE = {The {P}icard rank conjecture for the {H}urwitz spaces of
              degree up to five},
   JOURNAL = {Algebra Number Theory},
  FJOURNAL = {Algebra \& Number Theory},
    VOLUME = {9},
      YEAR = {2015},
    NUMBER = {2},
     PAGES = {459--492},
      ISSN = {1937-0652,1944-7833},
   MRCLASS = {14H10 (14C22 14H30)},
  MRNUMBER = {3320849},
MRREVIEWER = {Francesca\ Vetro},
       DOI = {10.2140/ant.2015.9.459},
     MRKEY = {3320849},
 ZBLNUMBER = {1325.14044},
}

@techreport {Eisenbud-Schreyer,
author = {Eisenbud, D. and Schreyer, F.O.},
title = {Hyperelliptic curves and Ulrich sheaves on the complete intersection of two quadrics},
        year = {2022},
        arxiv = {2212.07227},
        type = {preprint},
 ZBLNUMBER = {0444.14023},
}

@article {MR0142592,
    AUTHOR = {Eagon, J. A. and Northcott, D. G.},
     TITLE = {Ideals defined by matrices and a certain complex associated
              with them},
   JOURNAL = {Proc. Roy. Soc. London Ser. A},
  FJOURNAL = {Proceedings of the Royal Society. London. Series A.
              Mathematical, Physical and Engineering Sciences},
    VOLUME = {269},
      YEAR = {1962},
     PAGES = {188--204},
      ISSN = {0962-8444,2053-9169},
   MRCLASS = {13.95 (13.90)},
  MRNUMBER = {142592},
MRREVIEWER = {R.\ Deheuvels},
       DOI = {10.1098/rspa.1962.0170},
     MRKEY = {142592},
 ZBLNUMBER = {0106.25603},
}

@book {Olsson,
    AUTHOR = {Olsson, Martin},
     TITLE = {Algebraic spaces and stacks},
    SERIES = {American Mathematical Society Colloquium Publications},
    number = {62},
 PUBLISHER = {American Mathematical Society, Providence, RI},
      YEAR = {2016},
     PAGES = {xi+298},
      ISBN = {978-1-4704-2798-6},
   MRCLASS = {14D23 (14D22)},
  MRNUMBER = {3495343},
MRREVIEWER = {Stefan\ Schr\"{o}er},
       DOI = {10.1090/coll/062},
     MRKEY = {3495343},
 ZBLNUMBER = {1346.14001},
}

@article {Riemann,
    AUTHOR = {Riemann, B.},
     TITLE = {Theorie der {A}bel'schen {F}unctionen},
   JOURNAL = {J. Reine Angew. Math.},
  FJOURNAL = {Journal f\"{u}r die Reine und Angewandte Mathematik. [Crelle's
              Journal]},
    VOLUME = {54},
      YEAR = {1857},
     PAGES = {115--155},
      ISSN = {0075-4102,1435-5345},
   MRCLASS = {99-04},
  MRNUMBER = {1579035},
       DOI = {10.1515/crll.1857.54.115},
     MRKEY = {1579035},
 ZBLNUMBER = {054.1427cj},
}
@article {MR4175877,
    AUTHOR = {L\^{e}, Fran\c{c}ois},
     TITLE = {\,``{A}re the {\it genre} and the {\it {G}eschlecht} one and the
              same number?'' {A}n inquiry into {A}lfred {C}lebsch's {\it
              {G}eschlecht}},
   JOURNAL = {Historia Math.},
  FJOURNAL = {Historia Mathematica},
    VOLUME = {53},
      YEAR = {2020},
     PAGES = {71--107},
      ISSN = {0315-0860,1090-249X},
   MRCLASS = {01A55 (01A85)},
  MRNUMBER = {4175877},
MRREVIEWER = {David\ E.\ Rowe},
       DOI = {10.1016/j.hm.2020.04.002},
     MRKEY = {4175877},
 ZBLNUMBER = {1464.01011},
}

@techreport{Vakil-notes,
title = {The rising sea: foundations of algebraic geometry},
author = {Vakil, Ravi},
url = {http://math.stanford.edu/~vakil/216blog},
year = {2023},
type = {book in progress, to be published by Princeton University Press},
 ZBLNUMBER = {1095.14006},
}

@article {MR0382294,
    AUTHOR = {Haboush, W. J.},
     TITLE = {Reductive groups are geometrically reductive},
   JOURNAL = {Ann. of Math. $(2)$},
  FJOURNAL = {Annals of Mathematics. Second Series},
    VOLUME = {102},
      YEAR = {1975},
    NUMBER = {1},
     PAGES = {67--83},
      ISSN = {0003-486X},
   MRCLASS = {14L15 (14D20 15A72 20G05 20G15)},
  MRNUMBER = {382294},
MRREVIEWER = {Vladimir\ L.\ Popov},
       DOI = {10.2307/1970974},
     MRKEY = {382294},
 ZBLNUMBER = {0316.14016},
}

@article{zbMATH04014883,
 Author = {Eisenbud, David and Harris, Joe},
 Title = {Irreducibility and monodromy of some families of linear series},
 FJournal = {Annales Scientifiques de l'{\'E}cole Normale Sup{\'e}rieure. Quatri{\`e}me S{\'e}rie},
 Journal = {Ann. Sci. {\'E}c. Norm. Sup{\'e}r. $(4)$},
 ISSN = {0012-9593},
 Volume = {20},
 Number = {1},
 Pages = {65--87},
 Year = {1987},
 Language = {English},
 Keywords = {14H10,14C20,14D05},
 zbMATH = {4014883},
 Zbl = {0625.14013},
 ZBLNUMBER = {0625.14013},
}

		
@article {MR837522,
    AUTHOR = {Harris, Joe},
     TITLE = {On the {S}everi problem},
   JOURNAL = {Invent. Math.},
  FJOURNAL = {Inventiones Mathematicae},
    VOLUME = {84},
      YEAR = {1986},
    NUMBER = {3},
     PAGES = {445--461},
      ISSN = {0020-9910},
   MRCLASS = {14H10 (14H20)},
  MRNUMBER = {837522},
MRREVIEWER = {R. F. Lax},
       DOI = {10.1007/BF01388741},
     MRKEY = {837522},
 ZBLNUMBER = {0596.14017},
}

@article {MR2579394,
    AUTHOR = {Cartwright, Dustin A. and Erman, Daniel and Velasco, Mauricio
              and Viray, Bianca},
     TITLE = {Hilbert schemes of 8 points},
   JOURNAL = {Algebra Number Theory},
  FJOURNAL = {Algebra \& Number Theory},
    VOLUME = {3},
      YEAR = {2009},
    NUMBER = {7},
     PAGES = {763--795},
      ISSN = {1937-0652,1944-7833},
   MRCLASS = {14C05},
  MRNUMBER = {2579394},
MRREVIEWER = {Martin\ G.\ Gulbrandsen},
       DOI = {10.2140/ant.2009.3.763},
     MRKEY = {2579394},
 ZBLNUMBER = {1187.14005},
}

@article {transcanonical,
    AUTHOR = {Eisenbud, David},
     TITLE = {Transcanonical embeddings of hyperelliptic curves},
   JOURNAL = {J. Pure Appl. Algebra},
  FJOURNAL = {Journal of Pure and Applied Algebra},
    VOLUME = {19},
      YEAR = {1980},
     PAGES = {77--83},
      ISSN = {0022-4049},
   MRCLASS = {14H45 (14H35)},
  MRNUMBER = {593247},
MRREVIEWER = {Ciro Ciliberto},
       DOI = {10.1016/0022-4049(80)90094-8},
     MRKEY = {593247},
 ZBLNUMBER = {0444.14023},
}

@incollection {Farkas-progress-on-syzygies,
    AUTHOR = {Farkas, Gavril},
     TITLE = {Progress on syzygies of algebraic curves},
 BOOKTITLE = {Moduli of curves},
    SERIES = {Lect. Notes Unione Mat. Ital.},
    number = {21},
     PAGES = {107--138},
 PUBLISHER = {Springer},
      YEAR = {2017},
   MRCLASS = {14H10 (13D02)},
  MRNUMBER = {3729076},
MRREVIEWER = {Haohao Wang},
     MRKEY = {3729076},
 ZBLNUMBER = {1450.14001},
 arxiv = {arXiv:1703.08056}
}

@phdthesis{Sagraloff,
author = {Sagraloff, Michael},
title = {Special linear series and syzygies of canonical
curves of genus 9},
year = {2018},
invmonth = {September},
school = {Universit\"at des Saarlandes},
 ZBLNUMBER = {0484.47001},
}

@article {Gotzmann,
    AUTHOR = {Gotzmann, Gerd},
     TITLE = {Eine {B}edingung f\"{u}r die {F}lachheit und das {H}ilbertpolynom
              eines graduierten {R}inges},
   JOURNAL = {Math. Z.},
  FJOURNAL = {Mathematische Zeitschrift},
    VOLUME = {158},
      YEAR = {1978},
    NUMBER = {1},
     PAGES = {61--70},
      ISSN = {0025-5874},
   MRCLASS = {13C10 (14C99)},
  MRNUMBER = {480478},
MRREVIEWER = {Knud L\o nsted},
       DOI = {10.1007/BF01214566},
     MRKEY = {480478},
 ZBLNUMBER = {0352.13009},
}

@article {Bopp-Schreyer,
    AUTHOR = {Bopp, Christian and Schreyer, Frank-Olaf},
     TITLE = {A version of {G}reen's conjecture in positive characteristic},
   JOURNAL = {Exp. Math.},
  FJOURNAL = {Experimental Mathematics},
    VOLUME = {30},
      YEAR = {2021},
    NUMBER = {4},
     PAGES = {475--480},
      ISSN = {1058-6458},
   MRCLASS = {14Q05 (13D02 14H51)},
  MRNUMBER = {4346648},
       DOI = {10.1080/10586458.2019.1576082},
     MRKEY = {4346648},
 ZBLNUMBER = {1509.14115},
}

@article {MR2157134,
    AUTHOR = {Voisin, Claire},
     TITLE = {Green's canonical syzygy conjecture for generic curves of odd
              genus},
   JOURNAL = {Compos. Math.},
  FJOURNAL = {Compositio Mathematica},
    VOLUME = {141},
      YEAR = {2005},
    NUMBER = {5},
     PAGES = {1163--1190},
      ISSN = {0010-437X},
   MRCLASS = {14H51 (14C20 14F17 14J28)},
  MRNUMBER = {2157134},
MRREVIEWER = {Montserrat Teixidor i Bigas},
       DOI = {10.1112/S0010437X05001387},
     MRKEY = {2157134},
 ZBLNUMBER = {1083.14038},
}
		
@article {MR1941089,
    AUTHOR = {Voisin, Claire},
     TITLE = {Green's generic syzygy conjecture for curves of even genus
              lying on a {$K3$} surface},
   JOURNAL = {J. Eur. Math. Soc. $($JEMS$)$},
  FJOURNAL = {Journal of the European Mathematical Society (JEMS)},
    VOLUME = {4},
      YEAR = {2002},
    NUMBER = {4},
     PAGES = {363--404},
      ISSN = {1435-9855},
   MRCLASS = {14H51 (14J28)},
  MRNUMBER = {1941089},
MRREVIEWER = {Jean D'Almeida},
       DOI = {10.1007/s100970200042},
     MRKEY = {1941089},
 ZBLNUMBER = {1080.14525},
}

@article {MR4022070,
    AUTHOR = {Aprodu, Marian and Farkas, Gavril and Papadima, \c{S}tefan and
              Raicu, Claudiu and Weyman, Jerzy},
     TITLE = {Koszul modules and {G}reen's conjecture},
   JOURNAL = {Invent. Math.},
  FJOURNAL = {Inventiones Mathematicae},
    VOLUME = {218},
      YEAR = {2019},
    NUMBER = {3},
     PAGES = {657--720},
      ISSN = {0020-9910},
   MRCLASS = {14H51 (13D02 14M15 14N05 20G05)},
  MRNUMBER = {4022070},
MRREVIEWER = {Yeongrak Kim},
       DOI = {10.1007/s00222-019-00894-1},
     MRKEY = {4022070},
 ZBLNUMBER = {1430.14074},
}

@phdthesis{Vermeulen,
author = {Vermeulen, A. M.},
Title = {Weierstrass points of weight two on curves of genus three},
school = {Universiteit van Amsterdam},
year = {1983},
 ZBLNUMBER = {0534.14010},
}

@article {EHWeierstrass,
    AUTHOR = {Eisenbud, David and Harris, Joe},
     TITLE = {Existence, decomposition, and limits of certain {W}eierstrass
              points},
   JOURNAL = {Invent. Math.},
  FJOURNAL = {Inventiones Mathematicae},
    VOLUME = {87},
      YEAR = {1987},
    NUMBER = {3},
     PAGES = {495--515},
      ISSN = {0020-9910},
   MRCLASS = {14H10 (14C20 14F07)},
  MRNUMBER = {874034},
MRREVIEWER = {R. F. Lax},
       DOI = {10.1007/BF01389240},
       URL = {https://doi.org/10.1007/BF01389240},
     MRKEY = {874034},
 ZBLNUMBER = {0606.14014},
}

@article {Kharlamov-Sottile,
    AUTHOR = {Kharlamov, Viatcheslav and Sottile, Frank},
     TITLE = {Maximally inflected real rational curves},
      invNOTE = {\{Dedicated to Vladimir Igorevich Arnold on the occasion of
              his 65th birthday\}},
   JOURNAL = {Mosc. Math. J.},
  FJOURNAL = {Moscow Mathematical Journal},
    VOLUME = {3},
      YEAR = {2003},
    NUMBER = {3},
     PAGES = {947--987, 1199--1200},
      ISSN = {1609-3321},
   MRCLASS = {14P05 (14M15 14N10)},
  MRNUMBER = {2078569},
MRREVIEWER = {Eugenii Shustin},
     MRKEY = {2078569},
       DOI = {10.17323/1609-4514-2003-3-3-947-987},
 ZBLNUMBER = {1052.14070},
}

@article {Kulikov,
    AUTHOR = {Kulikov, Viktor S. and Shustin, Eugenii},
     TITLE = {Duality of planar and spacial curves: new insight},
   JOURNAL = {Eur. J. Math.},
  FJOURNAL = {European Journal of Mathematics},
    VOLUME = {1},
      YEAR = {2015},
    NUMBER = {3},
     PAGES = {462--482},
      ISSN = {2199-675X},
   MRCLASS = {14H10 (14H50)},
  MRNUMBER = {3401901},
MRREVIEWER = {Scott R. Nollet},
       DOI = {10.1007/s40879-015-0052-6},
     MRKEY = {3401901},
 ZBLNUMBER = {1330.14043},
}
@article {Calabri,
    AUTHOR = {Calabri, Alberto and Paccagnan, Diego and Stagnaro, Ezio},
     TITLE = {Plane algebraic curves with many cusps, with an appendix by
              {E}ugenii {S}hustin},
   JOURNAL = {Ann. Mat. Pura Appl. $(4)$},
  FJOURNAL = {Annali di Matematica Pura ed Applicata. Series IV},
    VOLUME = {193},
      YEAR = {2014},
    NUMBER = {3},
     PAGES = {909--921},
      ISSN = {0373-3114},
   MRCLASS = {14H50 (14H20)},
  MRNUMBER = {3210174},
MRREVIEWER = {Maria Elenice Rodrigues Hernandes},
       DOI = {10.1007/s10231-012-0306-6},
     MRKEY = {3210174},
 ZBLNUMBER = {1298.14035},
}

@article {Zariski1931,
    AUTHOR = {Zariski, Oscar},
     TITLE = {On the {n}on-{e}xistence of {c}urves of {o}rder 8 with 16
              {c}usps},
   JOURNAL = {Amer. J. Math.},
  FJOURNAL = {American Journal of Mathematics},
    VOLUME = {53},
      YEAR = {1931},
    NUMBER = {2},
     PAGES = {309--318},
      ISSN = {0002-9327},
   MRCLASS = {DML},
  MRNUMBER = {1506819},
       DOI = {10.2307/2370785},
     MRKEY = {1506819},
 ZBLNUMBER = {57.0823.03},
}

@book {Kunz,
    AUTHOR = {Kunz, Ernst},
     TITLE = {Introduction to plane algebraic curves},
      invNOTE = {Translated from the 1991 German edition by Richard G.
              Belshoff},
 PUBLISHER = {Birkh\"{a}user, Boston},
      YEAR = {2005},
     PAGES = {xiv+293},
      ISBN = {978-0-8176-4381-2; 0-8176-4381-8},
   MRCLASS = {14-01 (14H50)},
  MRNUMBER = {2156630},
     MRKEY = {2156630},
 ZBLNUMBER = {1078.14041},
}

@article {ribbons,
    AUTHOR = {Bayer, Dave and Eisenbud, David},
     TITLE = {Ribbons and their canonical embeddings},
   JOURNAL = {Trans. Amer. Math. Soc.},
  FJOURNAL = {Transactions of the American Mathematical Society},
    VOLUME = {347},
      YEAR = {1995},
    NUMBER = {3},
     PAGES = {719--756},
      ISSN = {0002-9947},
   MRCLASS = {14H45 (13D02 14C20)},
  MRNUMBER = {1273472},
MRREVIEWER = {Gunnar Fl\o ystad},
       DOI = {10.2307/2154871},
     MRKEY = {1273472},
 ZBLNUMBER = {0853.14016},
}
		
@article {graphcurves,
    AUTHOR = {Bayer, Dave and Eisenbud, David},
     TITLE = {Graph curves},
      invNOTE = {With an appendix by Sung Won Park},
   JOURNAL = {Adv. Math.},
  FJOURNAL = {Advances in Mathematics},
    VOLUME = {86},
      YEAR = {1991},
    NUMBER = {1},
     PAGES = {1--40},
      ISSN = {0001-8708},
   MRCLASS = {14H45 (14C20 14H10 14H20)},
  MRNUMBER = {1097026},
MRREVIEWER = {R. F. Lax},
       DOI = {10.1016/0001-8708(91)90034-5},
     MRKEY = {1097026},
 ZBLNUMBER = {0739.05080},
}
@article {Chen-Nollet,
    AUTHOR = {Chen, Dawei and Nollet, Scott},
     TITLE = {Detaching embedded points},
   JOURNAL = {Algebra Number Theory},
  FJOURNAL = {Algebra \& Number Theory},
    VOLUME = {6},
      YEAR = {2012},
    NUMBER = {4},
     PAGES = {731--756},
      ISSN = {1937-0652},
   MRCLASS = {14C05 (14B25 14E05 14N05)},
  MRNUMBER = {2966717},
MRREVIEWER = {Raquel Mallavibarrena},
       DOI = {10.2140/ant.2012.6.731},
     MRKEY = {2966717},
 ZBLNUMBER = {1250.14004},
}

@article {Piene-Schlessinger,
    AUTHOR = {Piene, Ragni and Schlessinger, Michael},
     TITLE = {On the {H}ilbert scheme compactification of the space of
              twisted cubics},
   JOURNAL = {Amer. J. Math.},
  FJOURNAL = {American Journal of Mathematics},
    VOLUME = {107},
      YEAR = {1985},
    NUMBER = {4},
     PAGES = {761--774},
      ISSN = {0002-9327},
   MRCLASS = {14C05 (14H10)},
  MRNUMBER = {796901},
MRREVIEWER = {Susan J. Colley},
       DOI = {10.2307/2374355},
     MRKEY = {796901},
 ZBLNUMBER = {0589.14009},
}

@article{Bass,
author = {Bass, Hyman},
title = {On the ubiquity of Gorenstein rings},
journal = {Math. Zeitschr.},
year = {1963},
volume = {82},
pages = {8--28},
       DOI = {10.1007/BF01112819},
 ZBLNUMBER = {0112.26604},
}

@article {Migliore,
    AUTHOR = {Migliore, Juan},
     TITLE = {Geometric invariants for liaison of space curves},
   JOURNAL = {J. Algebra},
  FJOURNAL = {Journal of Algebra},
    VOLUME = {99},
      YEAR = {1986},
    NUMBER = {2},
     PAGES = {548--572},
      ISSN = {0021-8693},
   MRCLASS = {14H45 (14H50)},
  MRNUMBER = {837562},
MRREVIEWER = {Wolfgang Vogel},
       DOI = {10.1016/0021-8693(86)90045-1},
     MRKEY = {837562},
 ZBLNUMBER = {0596.14020},
}

@article {Hurwitz,
   AUTHOR = {Hurwitz, A.},
     TITLE = {Ueber  {R}iemann'sche {F}l\"{a}chen mit
              gegebenen {V}erzweigungspunkten},
   JOURNAL = {Math. Ann.},
  FJOURNAL = {Mathematische Annalen},
  volume = {39},
  year = {1891},
  pages = {1--61},
       DOI = {10.1007/BF01199469},
 ZBLNUMBER = {23.0429.01},
}

@article {Hurwitz2,
    AUTHOR = {Hurwitz, A.},
     TITLE = {Ueber die {A}nzahl der {R}iemann'schen {F}l\"{a}chen mit
              gegebenen {V}erzweigungspunkten},
   JOURNAL = {Math. Ann.},
  FJOURNAL = {Mathematische Annalen},
    VOLUME = {55},
      YEAR = {1901},
    NUMBER = {1},
     PAGES = {53--66},
      ISSN = {0025-5831,1432-1807},
   MRCLASS = {99-04},
  MRNUMBER = {1511135},
       DOI = {10.1007/BF01448116},
     MRKEY = {1511135},
 ZBLNUMBER = {32.0404.04},
}

@article {Matsusaka,
    AUTHOR = {Matsusaka, T.},
     TITLE = {Polarized varieties with a given {H}ilbert polynomial},
   JOURNAL = {Amer. J. Math.},
  FJOURNAL = {American Journal of Mathematics},
    VOLUME = {94},
      YEAR = {1972},
     PAGES = {1027--1077},
      ISSN = {0002-9327},
   MRCLASS = {14D20},
  MRNUMBER = {337960},
MRREVIEWER = {Daniel Comenetz},
       DOI = {10.2307/2373563},
     MRKEY = {337960},
 ZBLNUMBER = {0256.14004},
}

@book {MR1188877,
title = {Trait\'e des substitutions et des \'equations alg\'ebriques},
author = {Jordan, Camille},
year = {1870},
Publisher = {Gauthier-Villars},
address = {Paris},
note = {Reprinted by Jacques Gabay, Sceaux, 1989, ISBN 2-87647-021-7},
  MRNUMBER = {1188877},
     MRKEY = {1188877},
 ZBLNUMBER = {03.0042.02},
}

@book {DE-JH-schemes,
    AUTHOR = {Eisenbud, David and Harris, Joe},
     TITLE = {The geometry of schemes},
    SERIES = {Graduate Texts in Mathematics},
    NUMBER = {197},
 PUBLISHER = {Springer},
      YEAR = {2000},
     PAGES = {x+294},
      ISBN = {0-387-98638-3; 0-387-98637-5},
   MRCLASS = {14A15 (14-01 14C05 14H50 14N05)},
  MRNUMBER = {1730819},
MRREVIEWER = {Allen B. Altman},
     MRKEY = {1730819},
 ZBLNUMBER = {0960.14002},
}

@article {HomogHilbert,
    AUTHOR = {\'{A}lvarez, Amelia and Sancho, Fernando and Sancho, Pedro},
     TITLE = {Homogeneous {H}ilbert scheme},
   JOURNAL = {Proc. Amer. Math. Soc.},
  FJOURNAL = {Proceedings of the American Mathematical Society},
    VOLUME = {136},
      YEAR = {2008},
    NUMBER = {3},
     PAGES = {781--790},
      ISSN = {0002-9939},
   MRCLASS = {14C05 (14M15)},
  MRNUMBER = {2361849},
MRREVIEWER = {Vincenzo Di Gennaro},
       DOI = {10.1090/S0002-9939-07-09169-1},
     MRKEY = {2361849},
 ZBLNUMBER = {1131.14008},
}
@article {Eisenbud-HarrisModuli,
    AUTHOR = {Eisenbud, David and Harris, Joe},
     TITLE = {The {K}odaira dimension of the moduli space of curves of genus
              {$\geq 23$}},
   JOURNAL = {Invent. Math.},
  FJOURNAL = {Inventiones Mathematicae},
    VOLUME = {90},
      YEAR = {1987},
    NUMBER = {2},
     PAGES = {359--387},
      ISSN = {0020-9910},
   MRCLASS = {14H10},
  MRNUMBER = {910206},
MRREVIEWER = {R. F. Lax},
       DOI = {10.1007/BF01388710},
     MRKEY = {910206},
 ZBLNUMBER = {0631.14023},
}
		
@article {HarrisModuli,
    AUTHOR = {Harris, J.},
     TITLE = {On the {K}odaira dimension of the moduli space of curves,
              {II}: {T}he even-genus case},
   JOURNAL = {Invent. Math.},
  FJOURNAL = {Inventiones Mathematicae},
    VOLUME = {75},
      YEAR = {1984},
    NUMBER = {3},
     PAGES = {437--466},
      ISSN = {0020-9910},
   MRCLASS = {14H10 (14N10)},
  MRNUMBER = {735335},
MRREVIEWER = {E. Ballico},
       DOI = {10.1007/BF01388638},
     MRKEY = {735335},
 ZBLNUMBER = {0542.14014},
}
		
@article {Harris-MumfordModuli,
    AUTHOR = {Harris, Joe and Mumford, David},
     TITLE = {On the {K}odaira dimension of the moduli space of curves},
      invNOTE = {With an appendix by William Fulton},
   JOURNAL = {Invent. Math.},
  FJOURNAL = {Inventiones Mathematicae},
    VOLUME = {67},
      YEAR = {1982},
    NUMBER = {1},
     PAGES = {23--88},
      ISSN = {0020-9910},
   MRCLASS = {14H10},
  MRNUMBER = {664324},
MRREVIEWER = {Yujiro Kawamata},
       DOI = {10.1007/BF01393371},
     MRKEY = {664324},
 ZBLNUMBER = {0506.14016},
}

@article{Brill-NoetherOriginal,
url = {https://eudml.org/doc/156642},
author = {A. Brill and M. N\"other},
title = {Ueber die algebraischen Functionen und ihre Anwendung in der Geometrie},
journal = {Math. Ann.},
fjournal = {Mathematische Annalen},
Volume = {7},
Number = {2},
year = {1874},
pages = {269--310},
       DOI = {10.1007/BF02104804},
 ZBLNUMBER = {06.0251.01},
}
	

@inproceedings {Mumford-Suominen,
    AUTHOR = {Mumford, David and Suominen, Kalevi},
     TITLE = {Introduction to the theory of moduli},
 BOOKTITLE = {Algebraic geometry}, 
venue={Oslo, 1970},
     PAGES = {171--222},
 PUBLISHER = {Wolters-Noordhoff, Groningen},
      YEAR = {1972},
   MRCLASS = {14D20},
  MRNUMBER = {0437531},
MRREVIEWER = {H. Popp},
url = {https://www.dam.brown.edu/people/mumford/alg_geom/papers/1972d--IntroModuli-NC.pdf},
     MRKEY = {0437531},
 ZBLNUMBER = {0242.14004},
}

@article {ELSV,
    AUTHOR = {Ekedahl, Torsten and Lando, Sergei and Shapiro, Michael and
              Vainshtein, Alek},
     TITLE = {Hurwitz numbers and intersections on moduli spaces of curves},
   JOURNAL = {Invent. Math.},
  FJOURNAL = {Inventiones Mathematicae},
    VOLUME = {146},
      YEAR = {2001},
    NUMBER = {2},
     PAGES = {297--327},
      ISSN = {0020-9910},
   MRCLASS = {14H30 (14H10 14N35)},
  MRNUMBER = {1864018},
MRREVIEWER = {Ravi D. Vakil},
       DOI = {10.1007/s002220100164},
     MRKEY = {1864018},
 ZBLNUMBER = {1073.14041},
}

@article {EHLGP,
    AUTHOR = {Eisenbud, David and Harris, Joe},
     TITLE = {Finite projective schemes in linearly general position},
   JOURNAL = {J. Algebraic Geom.},
  FJOURNAL = {Journal of Algebraic Geometry},
    VOLUME = {1},
      YEAR = {1992},
    NUMBER = {1},
     PAGES = {15--30},
      ISSN = {1056-3911},
   MRCLASS = {14H99 (14A15)},
  MRNUMBER = {1129837},
MRREVIEWER = {Mei Chu Chang},
     MRKEY = {1129837},
 ZBLNUMBER = {0804.14002},
}
@article {MR3778979,
    AUTHOR = {Coskun, Izzet and Riedl, Eric},
     TITLE = {Normal bundles of rational curves in projective space},
   JOURNAL = {Math. Z.},
  FJOURNAL = {Mathematische Zeitschrift},
    VOLUME = {288},
      YEAR = {2018},
    NUMBER = {3-4},
     PAGES = {803--827},
      ISSN = {0025-5874},
   MRCLASS = {14H60 (14C05 14H45 14N05)},
  MRNUMBER = {3778979},
MRREVIEWER = {Roberto Notari},
       DOI = {10.1007/s00209-017-1914-z},
     MRKEY = {3778979},
 ZBLNUMBER = {1391.14067},
}

@book {JacobsonII,
    AUTHOR = {Jacobson, Nathan},
     TITLE = {Basic algebra},
volume={II},
   EDITION = {2nd},
 PUBLISHER = {W. H. Freeman, New York},
      YEAR = {1989},
     PAGES = {xviii+686},
      ISBN = {0-7167-1933-9},
   MRCLASS = {00A05 (12-01 15-01 16-01)},
  MRNUMBER = {1009787},
MRREVIEWER = {P. M. Cohn},
     MRKEY = {1009787},
 ZBLNUMBER = {0694.16001},
}

@article {Luroth,
   AUTHOR = {L\"uroth, J.},
     TITLE = {Beweis eines Satzes über rationale Curven},
     JOURNAL = {Math. Ann.},
  FJOURNAL = {Mathematische Annalen},
    VOLUME = {2},
      YEAR = {1875},
     PAGES = {163--165},
 ZBLNUMBER = {07.0417.01},
}

@book {Gelfand-Manin,
    AUTHOR = {Gelfand, Sergei I. and Manin, Yuri I.},
     TITLE = {Methods of homological algebra},
    invSERIES = {Springer Monographs in Mathematics},
   EDITION = {2nd},
 PUBLISHER = {Springer},
      YEAR = {2003},
     PAGES = {xx+372},
      ISBN = {3-540-43583-2},
   MRCLASS = {18-02 (18Exx 18Gxx 55U35)},
  MRNUMBER = {1950475},
       DOI = {10.1007/978-3-662-12492-5},
     MRKEY = {1950475},
 ZBLNUMBER = {1006.18001},
}

@book {Godement,
    AUTHOR = {Godement, Roger},
     TITLE = {Topologie alg\'{e}brique et th\'{e}orie des faisceaux},
    SERIES = {Publications de l'Institut de Math\'{e}matique de l'Universit\'{e} de
              Strasbourg}, 
number={13},
      edition = {3\`eme},
      invNOTE = {Troisi\`eme \'{e}dition revue et corrig\'{e}e},
 PUBLISHER = {Hermann, Paris},
      YEAR = {1973},
     PAGES = {viii+283},
   MRCLASS = {55BXX (18GXX)},
  MRNUMBER = {0345092},
     MRKEY = {0345092},
 ZBLNUMBER = {0275.55010},
}
@article {Martens,
    AUTHOR = {Martens, Henrik H.},
     TITLE = {On the varieties of special divisors on a curve},
   JOURNAL = {J. Reine Angew. Math.},
  FJOURNAL = {Journal f\"{u}r die Reine und Angewandte Mathematik. [Crelle's
              Journal]},
    VOLUME = {227},
      YEAR = {1967},
     PAGES = {111--120},
      ISSN = {0075-4102},
   MRCLASS = {14.20},
  MRNUMBER = {215847},
MRREVIEWER = {P. Du Val},
       DOI = {10.1515/crll.1967.227.111},
     MRKEY = {215847},
 ZBLNUMBER = {0172.46301},
}

@incollection {Mumford-Prym1,
    AUTHOR = {Mumford, David},
     TITLE = {Prym varieties, {I}},
 BOOKTITLE = {Contributions to analysis: a collection of papers dedicated to
              {L}ipman {B}ers},
     PAGES = {325--350},
 PUBLISHER = {Academic Press, New York},
      YEAR = {1974},
   MRCLASS = {14H40 (14K25 32G20)},
  MRNUMBER = {0379510},
MRREVIEWER = {H. H. Martens},
     MRKEY = {0379510},
 ZBLNUMBER = {0299.14018},
}
@article {Coppens,
    AUTHOR = {Coppens, M.},
     TITLE = {Some sufficient conditions for the gonality of a smooth curve},
   JOURNAL = {J. Pure Appl. Algebra},
  FJOURNAL = {Journal of Pure and Applied Algebra},
    VOLUME = {30},
      YEAR = {1983},
    NUMBER = {1},
     PAGES = {5--21},
      ISSN = {0022-4049},
   MRCLASS = {14H45 (14H40)},
  MRNUMBER = {716231},
MRREVIEWER = {Fabrizio Catanese},
       DOI = {10.1016/0022-4049(83)90035-X},
     MRKEY = {716231},
 ZBLNUMBER = {0537.14022},
}
@article {Keem,
    AUTHOR = {Keem, C.},
     TITLE = {On the variety of special linear systems on an algebraic
              curve},
   JOURNAL = {Math. Ann.},
  FJOURNAL = {Mathematische Annalen},
    VOLUME = {288},
      YEAR = {1990},
    NUMBER = {2},
     PAGES = {309--322},
      ISSN = {0025-5831},
   MRCLASS = {14H45 (14C20 14H40)},
  MRNUMBER = {1075770},
MRREVIEWER = {Montserrat Teixidor i Bigas},
       DOI = {10.1007/BF01444535},
     MRKEY = {1075770},
 ZBLNUMBER = {0692.14002},
}
@article {GAGA,
    AUTHOR = {Serre, Jean-Pierre},
     TITLE = {G\'{e}om\'{e}trie alg\'{e}brique et g\'{e}om\'{e}trie analytique},
   JOURNAL = {Ann. Inst. Fourier $($Grenoble$)$},
  FJOURNAL = {Universit\'{e} de Grenoble. Annales de l'Institut Fourier},
    VOLUME = {6},
      YEAR = {1955/56},
     PAGES = {1--42},
      ISSN = {0373-0956},
   MRCLASS = {53.3X},
  MRNUMBER = {82175},
MRREVIEWER = {H. Cartan},
       URL = {http://aif.cedram.org/item?id=AIF_1955__6__1_0},
     MRKEY = {82175},
 ZBLNUMBER = {0075.30401},
}

@article {MR3356940,
    AUTHOR = {Hartshorne, Robin and Polini, Claudia},
     TITLE = {Divisor class groups of singular surfaces},
   JOURNAL = {Trans. Amer. Math. Soc.},
  FJOURNAL = {Transactions of the American Mathematical Society},
    VOLUME = {367},
      YEAR = {2015},
    NUMBER = {9},
     PAGES = {6357--6385},
      ISSN = {0002-9947},
   MRCLASS = {13C20 (14C20)},
  MRNUMBER = {3356940},
MRREVIEWER = {Kiyoshi Baba},
       DOI = {10.1090/S0002-9947-2015-06228-X},
     MRKEY = {3356940},
 ZBLNUMBER = {1319.14009},
}

@article {MR3044128,
    AUTHOR = {Smyth, David Ishii},
     TITLE = {Towards a classification of modular compactifications of
              {$\mathcal{M}_{g,n}$}},
   JOURNAL = {Invent. Math.},
  FJOURNAL = {Inventiones Mathematicae},
    VOLUME = {192},
      YEAR = {2013},
    NUMBER = {2},
     PAGES = {459--503},
      ISSN = {0020-9910},
   MRCLASS = {14H10 (14H20 14M27)},
  MRNUMBER = {3044128},
MRREVIEWER = {Scott R. Nollet},
       DOI = {10.1007/s00222-012-0416-1},
     MRKEY = {3044128},
 ZBLNUMBER = {1277.14023},
}
		

@article {Deligne-Mumford,
    AUTHOR = {Deligne, P. and Mumford, D.},
     TITLE = {The irreducibility of the space of curves of given genus},
   JOURNAL = {Inst. Hautes \'{E}tudes Sci. Publ. Math.},
  FJOURNAL = {Institut des Hautes \'{E}tudes Scientifiques. Publications
              Math\'{e}matiques},
volume = {36},
 YEAR = {1969},
 PAGES = {75--109},
 ISSN = {0073-8301},
 MRCLASS = {14.20},
MRNUMBER = {262240},
MRREVIEWER = {Manfred Herrmann},
URL = {http://www.numdam.org/item?id=PMIHES_1969__36__75_0},
     MRKEY = {262240},
       DOI = {10.1007/BF02684599},
 ZBLNUMBER = {0181.48803},
}
@article {Ballico-Ellia83,
    AUTHOR = {Ballico, E. and Ellia, Ph.},
     TITLE = {Generic curves of small genus in {${\bf P}^{3}$} are of
              maximal rank},
   JOURNAL = {Math. Ann.},
  FJOURNAL = {Mathematische Annalen},
    VOLUME = {264},
      YEAR = {1983},
    NUMBER = {2},
     PAGES = {211--225},
      ISSN = {0025-5831},
   MRCLASS = {14H45 (14H10 14N10)},
  MRNUMBER = {711879},
MRREVIEWER = {A. A. Iarrobino, Jr.},
       DOI = {10.1007/BF01457526},
     MRKEY = {711879},
 ZBLNUMBER = {0501.14017},
}

@article {MumfordPaper,
    AUTHOR = {Mumford, David},
     TITLE = {Theta characteristics of an algebraic curve},
   JOURNAL = {Ann. Sci. \'{E}cole Norm. Sup. $(4)$},
  FJOURNAL = {Annales Scientifiques de l'\'{E}cole Normale Sup\'{e}rieure. Quatri\`eme
              S\'{e}rie},
    VOLUME = {4},
      YEAR = {1971},
     PAGES = {181--192},
      ISSN = {0012-9593},
   MRCLASS = {14H99},
  MRNUMBER = {292836},
MRREVIEWER = {P. E. Newstead},
       URL = {http://www.numdam.org/item?id=ASENS_1971_4_4_2_181_0},
     MRKEY = {292836},
       DOI = {10.24033/asens.1209},
 ZBLNUMBER = {0216.05904},
}

@article {JHPaper,
    AUTHOR = {Harris, Joe},
     TITLE = {Theta-characteristics on algebraic curves},
   JOURNAL = {Trans. Amer. Math. Soc.},
  FJOURNAL = {Transactions of the American Mathematical Society},
    VOLUME = {271},
      YEAR = {1982},
    NUMBER = {2},
     PAGES = {611--638},
      ISSN = {0002-9947},
   MRCLASS = {14H99 (14C20 14K25)},
  MRNUMBER = {654853},
MRREVIEWER = {Peter Norman},
       DOI = {10.2307/1998901},
     MRKEY = {654853},
 ZBLNUMBER = {0513.14025},
}

		
@article {MR0450272,
    AUTHOR = {Mumford, David},
     TITLE = {Stability of projective varieties},
   JOURNAL = {Enseign. Math. $(2)$},
  FJOURNAL = {L'Enseignement Math\'{e}matique. Revue Internationale. 2e
              S\'{e}rie},
    VOLUME = {23},
      YEAR = {1977},
    NUMBER = {1-2},
     PAGES = {39--110},
      ISSN = {0013-8584},
   MRCLASS = {14D20},
  MRNUMBER = {450272},
MRREVIEWER = {P.\ E.\ Newstead},
     MRKEY = {450272},
 ZBLNUMBER = {0497.14004},
}
		
@book {MR1631825,
    AUTHOR = {Harris, Joe and Morrison, Ian},
     TITLE = {Moduli of curves},
    SERIES = {Graduate Texts in Mathematics},
    NUMBER = {187},
 PUBLISHER = {Springer},
      YEAR = {1998},
     PAGES = {xiv+366},
      ISBN = {0-387-98438-0; 0-387-98429-1},
   MRCLASS = {14H10 (14-02 14D20 14D22)},
  MRNUMBER = {1631825},
MRREVIEWER = {R. F. Lax},
     MRKEY = {1631825},
 ZBLNUMBER = {0913.14005},
}
		
@book {Fulton-Harris,
    AUTHOR = {Fulton, William and Harris, Joe},
     TITLE = {Representation theory: a first course},
    SERIES = {Graduate Texts in Mathematics},
    NUMBER = {129},
      invNOTE = {Readings in Mathematics},
 PUBLISHER = {Springer},
      YEAR = {1991},
     PAGES = {xvi+551},
      ISBN = {0-387-97527-6; 0-387-97495-4},
   MRCLASS = {20G05 (17B10 20G20 22E46)},
  MRNUMBER = {1153249},
MRREVIEWER = {James E. Humphreys},
       DOI = {10.1007/978-1-4612-0979-9},
     MRKEY = {1153249},
 ZBLNUMBER = {0744.22001},
}

@book {Fulton1989,
    AUTHOR = {Fulton, William},
     TITLE = {Algebraic curves: an introduction to algebraic geometry},
      NOTE = {Notes written with the collaboration of Richard Weiss. Reprinted 1989 (Advanced Book Classics) and 2008},
 PUBLISHER = {Addison-Wesley},
url = {https://dept.math.lsa.umich.edu/~wfulton/CurveBook.pdf},
      YEAR = {1969},
     PAGES = {xxii+226},
      ISBN = {0-201-51010-3},
   MRCLASS = {14Hxx (14-01)},
  MRNUMBER = {1042981},
     MRKEY = {1042981},
 ZBLNUMBER = {0181.23901},
}

@article {Arbarello-Sernesi,
    AUTHOR = {Arbarello, Enrico and Sernesi, Edoardo},
     TITLE = {Petri's approach to the study of the ideal associated to a
              special divisor},
   JOURNAL = {Invent. Math.},
  FJOURNAL = {Inventiones Mathematicae},
    VOLUME = {49},
      YEAR = {1978},
    NUMBER = {2},
     PAGES = {99--119},
      ISSN = {0020-9910},
   MRCLASS = {14H45 (14H20)},
  MRNUMBER = {511185},
MRREVIEWER = {Werner Kleinert},
       DOI = {10.1007/BF01403081},
     MRKEY = {511185},
 ZBLNUMBER = {0399.14019},
}

@book {MR685427,
    AUTHOR = {Harris, Joe},
     TITLE = {Curves in projective space},
    SERIES = {S\'{e}minaire de Math\'{e}matiques Sup\'{e}rieures},
    number = {85},
      NOTE = {With the collaboration of David Eisenbud},
 PUBLISHER = {Presses de l'Universit\'{e} de Montr\'{e}al},
      YEAR = {1982},
     PAGES = {138},
      ISBN = {2-7606-0603-1},
   MRCLASS = {14Hxx (14-02)},
  MRNUMBER = {685427},
MRREVIEWER = {Ciro Ciliberto},
     MRKEY = {685427},
 ZBLNUMBER = {0511.14014},
}
		
@article {Schreyer-canonical,
    AUTHOR = {Schreyer, Frank-Olaf},
     TITLE = {Syzygies of canonical curves and special linear series},
   JOURNAL = {Math. Ann.},
  FJOURNAL = {Mathematische Annalen},
    VOLUME = {275},
      YEAR = {1986},
    NUMBER = {1},
     PAGES = {105--137},
      ISSN = {0025-5831},
   MRCLASS = {14H45},
  MRNUMBER = {849058},
MRREVIEWER = {Joseph Harris},
       DOI = {10.1007/BF01458587},
     MRKEY = {849058},
 ZBLNUMBER = {0578.14002},
}

@article {Schreyer,
    AUTHOR = {Schreyer, Frank-Olaf},
     TITLE = {A standard basis approach to syzygies of canonical curves},
   JOURNAL = {J. Reine Angew. Math.},
  FJOURNAL = {Journal f\"{u}r die Reine und Angewandte Mathematik. [Crelle's
              Journal]},
    VOLUME = {421},
      YEAR = {1991},
     PAGES = {83--123},
      ISSN = {0075-4102},
   MRCLASS = {14H45 (13D02 14J25)},
  MRNUMBER = {1129577},
MRREVIEWER = {Luca Chiantini},
       DOI = {10.1515/crll.1991.421.83},
     MRKEY = {1129577},
 ZBLNUMBER = {0729.14021},
}
@article {Donagi,
    AUTHOR = {Donagi, Ron},
     TITLE = {Group law on the intersection of two quadrics},
   JOURNAL = {Ann. Scuola Norm. Sup. Pisa Cl. Sci. $(4)$},
  FJOURNAL = {Annali della Scuola Normale Superiore di Pisa. Classe di
              Scienze. Serie IV},
    VOLUME = {7},
      YEAR = {1980},
    NUMBER = {2},
     PAGES = {217--239},
      ISSN = {0391-173X},
   MRCLASS = {14K30 (14C15 14C22)},
  MRNUMBER = {581142},
MRREVIEWER = {D. Lieberman},
       URL = {http://www.numdam.org/item?id=ASNSP_1980_4_7_2_217_0},
     MRKEY = {581142},
 ZBLNUMBER = {0457.14023},
}

@article {Nasu2008,
    AUTHOR = {Nasu, Hirokazu},
     TITLE = {The {H}ilbert scheme of space curves of degree {$d$} and genus
              {$3d-18$}},
   JOURNAL = {Comm. Algebra},
  FJOURNAL = {Communications in Algebra},
    VOLUME = {36},
      YEAR = {2008},
    NUMBER = {11},
     PAGES = {4163--4185},
      ISSN = {0092-7872},
   MRCLASS = {14C05 (14H50 14M06)},
  MRNUMBER = {2460408},
MRREVIEWER = {Roberto Notari},
       DOI = {10.1080/00927870802175089},
     MRKEY = {2460408},
 ZBLNUMBER = {1166.14003},
}

@article {HLarson,
    AUTHOR = {Larson, Hannah K.},
     TITLE = {A refined {B}rill--{N}oether theory over {H}urwitz spaces},
   JOURNAL = {Invent. Math.},
  FJOURNAL = {Inventiones Mathematicae},
    VOLUME = {224},
      YEAR = {2021},
    NUMBER = {3},
     PAGES = {767--790},
      ISSN = {0020-9910,1432-1297},
   MRCLASS = {14H51},
  MRNUMBER = {4258055},
MRREVIEWER = {Nathan\ Grieve},
       DOI = {10.1007/s00222-020-01023-z},
     MRKEY = {4258055},
 ZBLNUMBER = {1477.14014},
}
@techreport{Larson,
author = {Larson, Eric},
title = {The maximal rank conjecture},
arxiv = {1711.04906},
year = {2017},
url = {http://arxiv.org/abs/alg-geom/1711.04906},
 ZBLNUMBER = {1437.14038},
}

@article {WMACE,
    AUTHOR = {Buchsbaum, David A. and Eisenbud, David},
     TITLE = {What makes a complex exact?},
   JOURNAL = {J. Algebra},
  FJOURNAL = {Journal of Algebra},
    VOLUME = {25},
      YEAR = {1973},
     PAGES = {259--268},
      ISSN = {0021-8693},
   MRCLASS = {13C05},
  MRNUMBER = {314819},
MRREVIEWER = {Samuel H. Cox, Jr.},
       DOI = {10.1016/0021-8693(73)90044-6},
       URL = {https://doi-org.libproxy.berkeley.edu/10.1016/0021-8693(73)90044-6},
}
@article {MR476736,
    AUTHOR = {Buchsbaum, David A. and Eisenbud, David},
     TITLE = {What annihilates a module?},
   JOURNAL = {J. Algebra},
  FJOURNAL = {Journal of Algebra},
    VOLUME = {47},
      YEAR = {1977},
    NUMBER = {2},
     PAGES = {231--243},
      ISSN = {0021-8693},
   MRCLASS = {14B15 (13C10 14M10)},
  MRNUMBER = {476736},
MRREVIEWER = {N. Popescu},
       DOI = {10.1016/0021-8693(77)90223-X},
     MRKEY = {476736},
 ZBLNUMBER = {0372.13002},
}

@incollection {MR714753,
    AUTHOR = {Lazarsfeld, Robert and Rao, Prabhakar},
     TITLE = {Linkage of general curves of large degree},
 BOOKTITLE = {Algebraic geometry: open problems},
venue={Ravello, 1982},
    SERIES = {Lecture Notes in Math.},
 NUMBER = {997},
     PAGES = {267--289},
 PUBLISHER = {Springer},
      YEAR = {1983},
   MRCLASS = {14H45 (14F05 14M07)},
  MRNUMBER = {714753},
MRREVIEWER = {G. Horrocks},
       DOI = {10.1007/BFb0061648},
     MRKEY = {714753},
 ZBLNUMBER = {0532.14017},
}
		
@article {MR520926,
    AUTHOR = {Prabhakar Rao, A.},
     TITLE = {Liaison among curves in {${\bf P}^{3}$}},
   JOURNAL = {Invent. Math.},
  FJOURNAL = {Inventiones Mathematicae},
    VOLUME = {50},
      YEAR = {1978/79},
    NUMBER = {3},
     PAGES = {205--217},
      ISSN = {0020-9910},
   MRCLASS = {14M07},
  MRNUMBER = {520926},
MRREVIEWER = {G. Horrocks},
       DOI = {10.1007/BF01410078},
     MRKEY = {520926},
 ZBLNUMBER = {0406.14033},
}

@article {MR1087803,
    AUTHOR = {Ballico, Edoardo and Bolondi, Giorgio and Migliore, Juan
              Carlos},
     TITLE = {The {L}azarsfeld--{R}ao problem for liaison classes of
              two-codimensional subschemes of {${\bf P}^n$}},
   JOURNAL = {Amer. J. Math.},
  FJOURNAL = {American Journal of Mathematics},
    VOLUME = {113},
      YEAR = {1991},
    NUMBER = {1},
     PAGES = {117--128},
      ISSN = {0002-9327},
   MRCLASS = {14M06 (14C05 14M07)},
  MRNUMBER = {1087803},
MRREVIEWER = {Mei Chu Chang},
       DOI = {10.2307/2374823},
     MRKEY = {1087803},
 ZBLNUMBER = {0754.14032},
}

@article {Edidin,
    AUTHOR = {Edidin, Dan},
     TITLE = {Brill--{N}oether theory in codimension-two},
   JOURNAL = {J. Algebraic Geom.},
  FJOURNAL = {Journal of Algebraic Geometry},
    VOLUME = {2},
      YEAR = {1993},
    NUMBER = {1},
     PAGES = {25--67},
      ISSN = {1056-3911},
   MRCLASS = {14H10 (14C15 14D20)},
  MRNUMBER = {1185606},
MRREVIEWER = {Changho Keem},
     MRKEY = {1185606},
 ZBLNUMBER = {0786.14012},
}

@article {BrillNoether-1,
    AUTHOR = {Eisenbud, David and Harris, Joe},
     TITLE = {Irreducibility of some families of linear series with
              {B}rill--{N}oether number {$-1$}},
   JOURNAL = {Ann. Sci. \'{E}cole Norm. Sup. $(4)$},
  FJOURNAL = {Annales Scientifiques de l'\'{E}cole Normale Sup\'{e}rieure. Quatri\`eme
              S\'{e}rie},
    VOLUME = {22},
      YEAR = {1989},
    NUMBER = {1},
     PAGES = {33--53},
      ISSN = {0012-9593},
   MRCLASS = {14H10 (14C20)},
  MRNUMBER = {985853},
MRREVIEWER = {Montserrat Teixidor i Bigas},
       URL = {http://www.numdam.org/item?id=ASENS_1989_4_22_1_33_0},
     MRKEY = {985853},
       DOI = {10.24033/asens.1574},
 ZBLNUMBER = {0691.14006},
}

@book {3264,
    AUTHOR = {Eisenbud, David and Harris, Joe},
     TITLE = {3264 and all that: a second course in algebraic geometry},
 PUBLISHER = {Cambridge University Press, Cambridge},
      YEAR = {2016},
     PAGES = {xiv+616},
      ISBN = {978-1-107-60272-4; 978-1-107-01708-5},
   MRCLASS = {14-01 (14C15 14M15 14N10)},
  MRNUMBER = {3617981},
MRREVIEWER = {Arnaud Beauville},
       DOI = {10.1017/CBO9781139062046},
     MRKEY = {3617981},
 ZBLNUMBER = {1341.14001},
}
		
@book {GeomSchemes,
    AUTHOR = {Eisenbud, David and Harris, Joe},
     TITLE = {The geometry of schemes},
    SERIES = {Graduate Texts in Mathematics},
    NUMBER = {197},
 PUBLISHER = {Springer},
      YEAR = {2000},
     PAGES = {x+294},
      ISBN = {0-387-98638-3; 0-387-98637-5},
   MRCLASS = {14A15 (14-01 14C05 14H50 14N05)},
  MRNUMBER = {1730819},
MRREVIEWER = {Allen B. Altman},
     MRKEY = {1730819},
 ZBLNUMBER = {0960.14002},
}

@article {MR212008,
    AUTHOR = {Burch, Lindsay},
     TITLE = {A note on ideals of homological dimension one in local
              domains},
   JOURNAL = {Proc. Cambridge Philos. Soc.},
  FJOURNAL = {Proceedings of the Cambridge Philosophical Society},
    VOLUME = {63},
      YEAR = {1967},
     PAGES = {661--662},
      ISSN = {0008-1981},
   MRCLASS = {13.95 (18.00)},
  MRNUMBER = {212008},
MRREVIEWER = {E. F. Assmus, Jr.},
       DOI = {10.1017/s0305004100041633},
     MRKEY = {212008},
 ZBLNUMBER = {0166.04503},
}

@book{MR2103875,
AUTHOR = {Eisenbud, David},
     TITLE = {The geometry of syzygies: a second course in commutative algebra and algebraic geometry},
    SERIES = {Graduate Texts in Mathematics},
    NUMBER = {229},
 PUBLISHER = {Springer},
address = {New York},
      YEAR = {2005},
     PAGES = {xvi+243},
      ISBN = {0-387-22215-4},
   MRCLASS = {13D02 (13-02 13D40 14H45 14H51)},
  MRNUMBER = {2005h:13021},
MRREVIEWER = {Juan C. Migliore},
     MRKEY = {2103875},
 ZBLNUMBER = {1066.14001},
}

@article {Kleiman-special,
    AUTHOR = {Kleiman, Steven L.},
     TITLE = {{$r$}-special subschemes and an argument of {S}everi's},
   JOURNAL = {Advances in Math.},
  FJOURNAL = {Advances in Mathematics},
    VOLUME = {22},
      YEAR = {1976},
    NUMBER = {1},
     PAGES = {1--31},
      ISSN = {0001-8708},
   MRCLASS = {14C20 (14H99 14N10)},
  MRNUMBER = {435071},
MRREVIEWER = {Allen B. Altman},
       DOI = {10.1016/0001-8708(76)90135-3},
     MRKEY = {435071},
 ZBLNUMBER = {0342.14012},
}

@incollection {MR2223408,
    AUTHOR = {Fantechi, Barbara and G\"{o}ttsche, Lothar},
     TITLE = {Local properties and {H}ilbert schemes of points},
 BOOKTITLE = {Fundamental algebraic geometry},
    SERIES = {Math. Surveys Monogr.},
    number = {123},
     PAGES = {139--178},
 PUBLISHER = {Amer. Math. Soc., Providence, RI},
      YEAR = {2005},
      ISBN = {0-8218-3541-6},
   MRCLASS = {14B12 (14C05)},
  MRNUMBER = {2223408},
     MRKEY = {2223408},
 ZBLNUMBER = {0765.14010},
}
@incollection {Kleiman-PicardScheme,
    AUTHOR = {Kleiman, Steven L.},
     TITLE = {The {P}icard scheme},
 BOOKTITLE = {Fundamental algebraic geometry},
    SERIES = {Math. Surveys Monogr.},
    number = {123},
     PAGES = {235--321},
 PUBLISHER = {Amer. Math. Soc., Providence, RI},
      YEAR = {2005},
   MRCLASS = {14C22},
  MRNUMBER = {2223410},
     MRKEY = {2223410},
 ZBLNUMBER = {1105.14060},
}

@incollection {MR2222646,
    AUTHOR = {Nitsure, Nitin},
     TITLE = {Construction of Hilbert and Quot schemes},
    SERIES = {Mathematical Surveys and Monographs},
    number = {123},
      booktitle = {Grothendieck's FGA explained},
 PUBLISHER = {American Mathematical Society, Providence, RI},
      YEAR = {2005},
     PAGES = {x+339},
      ISBN = {0-8218-3541-6},
   MRCLASS = {14-06 (14A15 14D15 14F20)},
  MRNUMBER = {2222646},
MRREVIEWER = {Liam O'Carroll},
       DOI = {10.1090/surv/123},
     MRKEY = {2222646},
 ZBLNUMBER = {0853.14004},
}

       

@article {MR0357398,
    AUTHOR = {Kleiman, Steven L. and Laksov, Dan},
     TITLE = {Another proof of the existence of special divisors},
   JOURNAL = {Acta Math.},
  FJOURNAL = {Acta Mathematica},
    VOLUME = {132},
      YEAR = {1974},
     PAGES = {163--176},
      ISSN = {0001-5962},
   MRCLASS = {14C20 (14H99)},
  MRNUMBER = {50 \#9866},
MRREVIEWER = {Guerino Mazzola},
     MRKEY = {0357398},
       DOI = {10.1007/BF02392112},
 ZBLNUMBER = {0286.14005},
}

@article {MR323792,
    AUTHOR = {Kleiman, Steven L. and Laksov, Dan},
     TITLE = {On the existence of special divisors},
   JOURNAL = {Amer. J. Math.},
  FJOURNAL = {American Journal of Mathematics},
    VOLUME = {94},
      YEAR = {1972},
     PAGES = {431--436},
      ISSN = {0002-9327},
   MRCLASS = {14H40 (14C20)},
  MRNUMBER = {323792},
MRREVIEWER = {Manfred Herrmann},
       DOI = {10.2307/2374630},
     MRKEY = {323792},
 ZBLNUMBER = {0251.14005},
}

@misc{Kempf,
author = {Kempf, George},
titel = {Schubert methods with an application to algebraic curves},
howpublished = {Math. Centrum, Amsterdam},
year = {1971},
}

@incollection {MR1023391,
    AUTHOR = {Green, Mark},
     TITLE = {Restrictions of linear series to hyperplanes, and some results
              of {M}acaulay and {G}otzmann},
 BOOKTITLE = {Algebraic curves and projective geometry},
venue={Trento, 1988},
    SERIES = {Lecture Notes in Math.},
    number = {1389},
     PAGES = {76--86},
 PUBLISHER = {Springer},
   ADDRESS = {Berlin},
      YEAR = {1989},
   MRCLASS = {13H10 (13H15 14C20 14M05)},
  MRNUMBER = {90k:13021},
MRREVIEWER = {Claire Voisin},
       DOI = {10.1007/BFb0085925},
     MRKEY = {1023391},
 ZBLNUMBER = {0717.14002},
}

@book {BrunsHerzog,
    AUTHOR = {Bruns, Winfried and Herzog, J{\"u}rgen},
     TITLE = {Cohen-{M}acaulay rings},
    SERIES = {Cambridge Studies in Advanced Mathematics},
    NUMBER = {39},
 PUBLISHER = {Cambridge University Press},
   ADDRESS = {Cambridge},
      YEAR = {1993},
     PAGES = {xii+403},
      ISBN = {0-521-41068-1},
   MRCLASS = {13H10 (13-02)},
  MRNUMBER = {95h:13020},
MRREVIEWER = {Matthew Miller},
     MRKEY = {1251956},
 ZBLNUMBER = {0788.13005},
}

@book {MR0239612,
    AUTHOR = {Milnor, John},
     TITLE = {Singular points of complex hypersurfaces},
    SERIES = {Annals of Mathematics Studies}, 
number={61},
 PUBLISHER = {Princeton University Press},
   ADDRESS = {Princeton, N.J.},
      YEAR = {1968},
     PAGES = {iii+122},
   MRCLASS = {57.20 (14.00)},
  MRNUMBER = {39 \#969},
MRREVIEWER = {J. P. Levine},
     MRKEY = {0239612},
 ZBLNUMBER = {0184.48405},
}

@book {MR817982,
    AUTHOR = {Eisenbud, David and Neumann, Walter},
     TITLE = {Three-dimensional link theory and invariants of plane curve
              singularities},
    SERIES = {Annals of Mathematics Studies},
    NUMBER = {110},
 PUBLISHER = {Princeton University Press},
   ADDRESS = {Princeton, NJ},
      YEAR = {1985},
     PAGES = {vii+173},
      ISBN = {0-691-08380-0; 0-691-08381-9},
   MRCLASS = {57M25 (14H20 57S15)},
  MRNUMBER = {87g:57007},
MRREVIEWER = {Christopher W. Stark},
     MRKEY = {817982},
 ZBLNUMBER = {0628.57002},
}

@book {Beauville,
    AUTHOR = {Beauville, Arnaud},
     TITLE = {Complex algebraic surfaces},
    SERIES = {London Mathematical Society Student Texts},
    NUMBER = {34},
   EDITION = {2nd},
      invNOTE = {Translated from the 1978 French original by R. Barlow, with
              assistance from N. I. Shepherd-Barron and M. Reid},
 PUBLISHER = {Cambridge University Press},
   ADDRESS = {Cambridge},
      YEAR = {1996},
     PAGES = {x+132},
      ISBN = {0-521-49510-5; 0-521-49842-2},
   MRCLASS = {14Jxx (14-02)},
  MRNUMBER = {97e:14045},
       DOI = {10.1017/CBO9780511623936},
     MRKEY = {1406314},
 ZBLNUMBER = {0849.14014},
}

@article {MR453723,
    AUTHOR = {Buchsbaum, David A. and Eisenbud, David},
     TITLE = {Algebra structures for finite free resolutions, and some
              structure theorems for ideals of codimension {$3$}},
   JOURNAL = {Amer. J. Math.},
  FJOURNAL = {American Journal of Mathematics},
    VOLUME = {99},
      YEAR = {1977},
    NUMBER = {3},
     PAGES = {447--485},
      ISSN = {0002-9327},
   MRCLASS = {13D15},
  MRNUMBER = {453723},
MRREVIEWER = {M. Nagata},
       DOI = {10.2307/2373926},
     MRKEY = {453723},
 ZBLNUMBER = {0373.13006},
}

@book {Forster,
    AUTHOR = {Forster, Otto},
     TITLE = {Lectures on {R}iemann surfaces},
    SERIES = {Graduate Texts in Mathematics},
    NUMBER = {81},
      invNOTE = {Translated from the 1977 German original by Bruce Gilligan},
 PUBLISHER = {Springer},
      YEAR = {1981},
     PAGES = {viii+254},
      ISBN = {0-387-90617-7},
   MRCLASS = {30Fxx (14H55 32-01)},
  MRNUMBER = {1185074},
     MRKEY = {1185074},
 ZBLNUMBER = {0475.30002},
}

@book {Griffiths-curves,
    AUTHOR = {Griffiths, Phillip A.},
     TITLE = {Introduction to algebraic curves},
    SERIES = {Translations of Mathematical Monographs},
    NUMBER = {76},
      NOTE = {Translated from the Chinese by Kuniko Weltin},
 PUBLISHER = {American Mathematical Society, Providence, RI},
      YEAR = {1989},
     PAGES = {x+221},
      ISBN = {0-8218-4530-6},
   MRCLASS = {14Hxx (14-01 14H10 30F10)},
  MRNUMBER = {1013999},
MRREVIEWER = {Werner Kleinert},
       DOI = {10.1090/surv/039},
     MRKEY = {1013999},
 ZBLNUMBER = {0696.14012},
}

@book {ACGH,
    AUTHOR = {Arbarello, E. and Cornalba, M. and Griffiths, P. A. and
              Harris, J.},
     TITLE = {Geometry of algebraic curves},
volume = {I},
    SERIES = {Grundlehren der Mathematischen Wissenschaften},
    number = {267},
 PUBLISHER = {Springer},
   ADDRESS = {New York},
      YEAR = {1985},
     PAGES = {xvi+386},
      ISBN = {0-387-90997-4},
   MRCLASS = {14Hxx (14-02)},
  MRNUMBER = {86h:14019},
MRREVIEWER = {Werner Kleinert},
     MRKEY = {770932},
 ZBLNUMBER = {0559.14017},
}

@book {ACG,
    AUTHOR = {Arbarello, Enrico and Cornalba, Maurizio and Griffiths,
              Phillip A.},
     TITLE = {Geometry of algebraic curves},
volume = {II},
    SERIES = {Grundlehren der mathematischen Wissenschaften},
    number = {268},
      invNOTE = {With a contribution by Joseph Daniel Harris},
 PUBLISHER = {Springer},
      YEAR = {2011},
     PAGES = {xxx+963},
      ISBN = {978-3-540-42688-2},
   MRCLASS = {14H10 (32G15)},
  MRNUMBER = {2807457},
MRREVIEWER = {E. Looijenga},
       DOI = {10.1007/978-3-540-69392-5},
     MRKEY = {2807457},
 ZBLNUMBER = {1235.14002},
}

		
@book {Gunning,
    AUTHOR = {Gunning, R. C.},
     TITLE = {Lectures on {R}iemann surfaces},
    invSERIES = {Princeton Mathematical Notes},
 PUBLISHER = {Princeton University Press, Princeton, N.J.},
      YEAR = {1966},
     PAGES = {iv+254},
   MRCLASS = {30.45 (14.55)},
  MRNUMBER = {0207977},
MRREVIEWER = {E. A. Feldman},
     MRKEY = {0207977},
 ZBLNUMBER = {0175.36801},
}

@incollection {Gunning-2,
    AUTHOR = {Hulek, Klaus},
     TITLE = {The {H}orrocks--{M}umford bundle},
 BOOKTITLE = {Vector bundles in algebraic geometry},
venue={Durham, 1993},
    SERIES = {London Math. Soc. Lecture Note Ser.},
    number = {208},
     PAGES = {139--177},
 PUBLISHER = {Cambridge Univ. Press},
   ADDRESS = {Cambridge},
      YEAR = {1995},
   MRCLASS = {14J60 (14-02)},
  MRNUMBER = {96g:14034},
MRREVIEWER = {G. Horrocks},
       DOI = {10.1017/CBO9780511569319.007},
     MRKEY = {1338416},
 ZBLNUMBER = {0827.14011},
}

@book {Kirwan,
    AUTHOR = {Kirwan, Frances},
     TITLE = {Complex algebraic curves},
    SERIES = {London Mathematical Society Student Texts},
    NUMBER = {23},
 PUBLISHER = {Cambridge University Press, Cambridge},
      YEAR = {1992},
     PAGES = {viii+264},
      ISBN = {0-521-41251-X; 0-521-42353-8},
   MRCLASS = {14Hxx (14-01)},
  MRNUMBER = {1159092},
MRREVIEWER = {S. Zdravkovska},
       DOI = {10.1017/CBO9780511623929},
     MRKEY = {1159092},
 ZBLNUMBER = {0744.14018},
}

@book {Miranda,
    AUTHOR = {Miranda, Rick},
     TITLE = {Algebraic curves and {R}iemann surfaces},
    SERIES = {Graduate Studies in Mathematics},
    NUMBER = {5},
 PUBLISHER = {American Mathematical Society, Providence, RI},
      YEAR = {1995},
     PAGES = {xxii+390},
      ISBN = {0-8218-0268-2},
   MRCLASS = {14Hxx (14-01 30F99)},
  MRNUMBER = {1326604},
MRREVIEWER = {R. F. Lax},
       DOI = {10.1090/gsm/005},
     MRKEY = {1326604},
 ZBLNUMBER = {0820.14022},
}

@incollection {Eisenbud-Harris-Centennial,
    AUTHOR = {Eisenbud, David and Harris, Joe},
     TITLE = {On varieties of minimal degree (a centennial account)},
 BOOKTITLE = {Algebraic geometry},
venue = {Brunswick, ME, 1985},
    SERIES = {Proc. Sympos. Pure Math.},
    number = {46},
     PAGES = {3--13},
 PUBLISHER = {Amer. Math. Soc.},
   ADDRESS = {Providence, RI},
      YEAR = {1987},
   MRCLASS = {14J40 (14J26)},
  MRNUMBER = {89f:14042},
MRREVIEWER = {Allen B. Altman},
     MRKEY = {927946},
 ZBLNUMBER = {0646.14036},
}

		
@book {MR982494,
    AUTHOR = {Reid, Miles},
     TITLE = {Undergraduate algebraic geometry},
    SERIES = {London Mathematical Society Student Texts},
    NUMBER = {12},
 PUBLISHER = {Cambridge University Press},
   ADDRESS = {Cambridge},
      YEAR = {1988},
     PAGES = {viii+129},
      ISBN = {0-521-35559-1; 0-521-35662-8},
   MRCLASS = {14-01 (00A05)},
  MRNUMBER = {90a:14001},
MRREVIEWER = {Marko Roczen},
     MRKEY = {982494},
 ZBLNUMBER = {0701.14001},
}


@book {Manin,
    AUTHOR = {Manin, Yu. I.},
     TITLE = {Cubic forms},
    SERIES = {North-Holland Mathematical Library},
    NUMBER = {4},
   EDITION = {2nd},
      NOTE = {Algebra, geometry, arithmetic,
              Translated from the Russian by M. Hazewinkel},
 PUBLISHER = {North-Holland Publishing Co.},
   ADDRESS = {Amsterdam},
      YEAR = {1986},
     PAGES = {x+326},
      ISBN = {0-444-87823-8},
   MRCLASS = {11Gxx (14Gxx 14J20)},
  MRNUMBER = {87d:11037},
     MRKEY = {833513},
 ZBLNUMBER = {0582.14010},
}

@article{zbMATH02692307,
 Author = {Castelnuovo, G.},
 Title = {Numero delle involuzioni razionali giacenti sopra una curva di dato genere},
 FJournal = {Accademia dei Lincei, Rendiconti, IV. Serie},
 Journal = {Rom. Acc. L. Rend. $(4)$},
 ISSN = {0001-4435},
 Volume = {5},
 Number = {2},
 Pages = {130--133},
 Year = {1889},
 Language = {Italian},
 zbMATH = {2692307},
 JFM = {21.0668.01},
 ZBLNUMBER = {21.0668.01},
}

@book {AltmanKleiman,
       MR = {43:224},
   AUTHOR = {Altman, Allen and Kleiman, Steven},
    TITLE = {Introduction to {G}ro\-then\-dieck duality theory},
   SERIES = {Lecture Notes in Mathematics},
   NUMBER = {146},
PUBLISHER = {Springer},
  ADDRESS = {Berlin},
     YEAR = {1970},
    PAGES = {ii+185},
 ZBLNUMBER = {0215.37201},
}

@book {MumfordCJ,
    AUTHOR = {Mumford, David},
     TITLE = {Curves and their {J}acobians},
 PUBLISHER = {University of Michigan Press, Ann Arbor, MI},
      YEAR = {1975},
     PAGES = {vi+104},
   MRCLASS = {14-01 (14HXX)},
  MRNUMBER = {0419430},
MRREVIEWER = {Henry C. Pinkham},
     MRKEY = {0419430},
 ZBLNUMBER = {0316.14010},
}

@book {Clemens-Scrapbook,
    AUTHOR = {Clemens, C. Herbert},
     TITLE = {A scrapbook of complex curve theory},
    SERIES = {Graduate Studies in Mathematics},
    NUMBER = {55},
   EDITION = {2nd},
 PUBLISHER = {American Mathematical Society, Providence, RI},
      YEAR = {2003},
     PAGES = {xii+188},
      ISBN = {0-8218-3307-3},
   MRCLASS = {14-01 (14Hxx 30-01 30Fxx)},
  MRNUMBER = {1946768},
       DOI = {10.1090/gsm/055},
     MRKEY = {1946768},
 ZBLNUMBER = {1030.14010},
}

@article {MR0302652,
    AUTHOR = {Clemens, C. Herbert and Griffiths, Phillip A.},
     TITLE = {The intermediate {J}acobian of the cubic threefold},
   JOURNAL = {Ann. of Math. $(2)$},
  FJOURNAL = {Annals of Mathematics. Second Series},
    VOLUME = {95},
      YEAR = {1972},
     PAGES = {281--356},
      ISSN = {0003-486X},
   MRCLASS = {14J10 (14G13 14J05 14K20 14M20 14N99)},
  MRNUMBER = {46 \#1796},
MRREVIEWER = {H. Popp},
     MRKEY = {0302652},
       DOI = {10.2307/1970801},
 ZBLNUMBER = {0245.14010},
}

@book {HarrisMorrison1998,
       MR = {1631825},
   SERIES = {Graduate Texts in Mathematics},
   NUMBER = {187},
   AUTHOR = {Harris, Joe and Morrison, Ian},
    TITLE = {Moduli of curves},
PUBLISHER = {Springer},
  ADDRESS = {New York},
     YEAR = {1998},
    PAGES = {xiv+366},
     ISBN = {0-387-98438-0},
 ZBLNUMBER = {0913.14005},
}

@book {Voisin,
    AUTHOR = {Voisin, Claire},
     TITLE = {Hodge theory and complex algebraic geometry}, 
volume={I},
    SERIES = {Cambridge Studies in Advanced Mathematics},
    NUMBER = {76},
   EDITION = {English},
      invNOTE = {Translated from the French by Leila Schneps},
 PUBLISHER = {Cambridge University Press, Cambridge},
      YEAR = {2007},
     PAGES = {x+322},
      ISBN = {978-0-521-71801-1},
   MRCLASS = {32J25 (14C30 14D07 32G20)},
  MRNUMBER = {2451566},
     MRKEY = {2451566},
 ZBLNUMBER = {1129.14019},
}

@book {MR1997577,
    AUTHOR = {Voisin, Claire},
     TITLE = {Hodge theory and complex algebraic geometry},
volume={II},
    SERIES = {Cambridge Studies in Advanced Mathematics},
    NUMBER = {77},
      invNOTE = {Translated from the French by Leila Schneps},
 PUBLISHER = {Cambridge University Press, Cambridge},
      YEAR = {2003},
     PAGES = {x+351},
      ISBN = {0-521-80283-0},
   MRCLASS = {32J25 (14C30 14D07 32G20)},
  MRNUMBER = {1997577},
MRREVIEWER = {Javier\ A.\ Fern\'{a}ndez},
       DOI = {10.1017/CBO9780511615177},
     MRKEY = {1997577},
 ZBLNUMBER = {1032.14002},
}
@article {eisenbud-gray,
    AUTHOR = {Eisenbud, David and Gray, Jeremy},
     TITLE = {F. {S}. {M}acaulay: from plane curves to {G}orenstein rings},
   JOURNAL = {Bull. Amer. Math. Soc. $($N.S.$)$},
  FJOURNAL = {American Mathematical Society. Bulletin. New Series},
    VOLUME = {60},
      YEAR = {2023},
    NUMBER = {3},
     PAGES = {371--406},
      ISSN = {0273-0979,1088-9485},
   MRCLASS = {13-03 (01A60 01A70 13H10 14-03)},
  MRNUMBER = {4588044},
       DOI = {10.1090/bull/1787},
     MRKEY = {4588044},
 ZBLNUMBER = {1520.01012},
}
@article{Macaulay1900,
Author = {Macaulay, F.S.},
year = {1900},
title = {Extensions of the Riemann--Roch theorem in plane geometry},
journal = {Proceedings of the London Mathematical Society},
volume = {32},
number = {1},
pages = {418--430},
 ZBLNUMBER = {31.0573.01},
}
@article{Bacharach1886,
Author = {Bacharach, I.},
year = {1886},
title = {{\"U}ber den Cayley'schen Schnittpunktsatz},
journal = {Mathematische Annalen},
volume = {26},
pages = {275--299},
       DOI = {10.1007/BF01444338},
 ZBLNUMBER = {17.0666.01},
}

@book {Griffiths-Harris1978,
       MR = {80b:14001},
   AUTHOR = {Griffiths, Phillip and Harris, Joseph},
    TITLE = {Principles of algebraic geometry},
     NOTE = {Reprinted 1994},
PUBLISHER = {Wiley-Interscience},
  ADDRESS = {New York},
     YEAR = {1978},
    PAGES = {xii+813},
     ISBN = {0-471-32792-1},
 ZBLNUMBER = {0408.14001},
}

@article {Eisenbud-Harris83,
    AUTHOR = {Eisenbud, D. and Harris, J.},
     TITLE = {Divisors on general curves and cuspidal rational curves},
   JOURNAL = {Invent. Math.},
  FJOURNAL = {Inventiones Mathematicae},
    VOLUME = {74},
      YEAR = {1983},
    NUMBER = {3},
     PAGES = {371--418},
      ISSN = {0020-9910},
   MRCLASS = {14H40 (14C20 14M15)},
  MRNUMBER = {724011},
MRREVIEWER = {Allen B. Altman},
       DOI = {10.1007/BF01394242},
     MRKEY = {724011},
 ZBLNUMBER = {0527.14022},
}

@article {Gieseker-Petri,
    AUTHOR = {Gieseker, D.},
     TITLE = {Stable curves and special divisors: {P}etri's conjecture},
   JOURNAL = {Invent. Math.},
  FJOURNAL = {Inventiones Mathematicae},
    VOLUME = {66},
      YEAR = {1982},
    NUMBER = {2},
     PAGES = {251--275},
      ISSN = {0020-9910},
   MRCLASS = {14H40 (14H10 14N10)},
  MRNUMBER = {656623},
MRREVIEWER = {Ciro Ciliberto},
       DOI = {10.1007/BF01389394},
     MRKEY = {656623},
 ZBLNUMBER = {0522.14015},
}

@article {MR611386,
    AUTHOR = {Fulton, W. and Lazarsfeld, R.},
     TITLE = {On the connectedness of degeneracy loci and special divisors},
   JOURNAL = {Acta Math.},
  FJOURNAL = {Acta Mathematica},
    VOLUME = {146},
      YEAR = {1981},
    NUMBER = {3-4},
     PAGES = {271--283},
      ISSN = {0001-5962},
   MRCLASS = {14F05 (14C20 14H40)},
  MRNUMBER = {611386},
MRREVIEWER = {Allen B. Altman},
       DOI = {10.1007/BF02392466},
     MRKEY = {611386},
 ZBLNUMBER = {0469.14018},
}

@article {Lazarsfeld-Petri,
    AUTHOR = {Lazarsfeld, Robert},
     TITLE = {Brill--{N}oether--{P}etri without degenerations},
   JOURNAL = {J. Differential Geom.},
  FJOURNAL = {Journal of Differential Geometry},
    VOLUME = {23},
      YEAR = {1986},
    NUMBER = {3},
     PAGES = {299--307},
      ISSN = {0022-040X},
   MRCLASS = {14H10 (14J28)},
  MRNUMBER = {852158},
MRREVIEWER = {Ziv Ran},
       URL = {http://projecteuclid.org/euclid.jdg/1214440116},
     MRKEY = {852158},
 ZBLNUMBER = {0608.14026},
}

@misc{ELarson2018,
title = {The maximal rank conjecture},
author = {Larson, Eric},
Year = {2018},
howpublished = {\url{https://arxiv.org/abs/1711.04906}},
 ZBLNUMBER = {1437.14038},
}

	

@article {Harris1979,
       MR = {80m:14038},
   AUTHOR = {Harris, Joe},
    TITLE = {Galois groups of enumerative problems},
  JOURNAL = {Duke Math. J.},
   VOLUME = {46},
     YEAR = {1979},
   NUMBER = {4},
    PAGES = {685--724},
 ZBLNUMBER = {0433.14040},
}

@article {MR1376653,
    AUTHOR = {Eisenbud, David and Green, Mark and Harris, Joe},
     TITLE = {Cayley--{B}acharach theorems and conjectures},
   JOURNAL = {Bull. Amer. Math. Soc. $($N.S.$)$},
  FJOURNAL = {American Mathematical Society. Bulletin. New Series},
    VOLUME = {33},
      YEAR = {1996},
    NUMBER = {3},
     PAGES = {295--324},
      ISSN = {0273-0979},
     CODEN = {BAMOAD},
   MRCLASS = {14N05 (14M05)},
  MRNUMBER = {97a:14059},
MRREVIEWER = {Raquel Mallavibarrena},
       DOI = {10.1090/S0273-0979-96-00666-0},
     MRKEY = {1376653},
 ZBLNUMBER = {0871.14024},
}

@article{Cayley,
title = {On the theory of elimination},
author = {Cayley, Arthur},
year = {1848},
journal = {Cambridge and Dublin Math. J.},
pages = {116--120},
volume = {3},
 ZBLNUMBER = {01.0208.01},
}

@book {Serre1979,
       MR = {82e:12016},
   AUTHOR = {Serre, Jean-Pierre},
    TITLE = {Local fields},
  INVNOTE = {Translated from the French by Marvin Jay Greenberg},
PUBLISHER = {Springer},
  ADDRESS = {New York},
     YEAR = {1979},
    PAGES = {viii+241},
     ISBN = {0-387-90424-7},
 ZBLNUMBER = {0423.12016},
}

@article {MR3892968,
    AUTHOR = {Pflueger, Nathan},
     TITLE = {On nonprimitive {W}eierstrass points},
   JOURNAL = {Algebra Number Theory},
  FJOURNAL = {Algebra \& Number Theory},
    VOLUME = {12},
      YEAR = {2018},
    NUMBER = {8},
     PAGES = {1923--1947},
      ISSN = {1937-0652},
   MRCLASS = {14H55},
  MRNUMBER = {3892968},
MRREVIEWER = {C\'{\i}cero Carvalho},
       DOI = {10.2140/ant.2018.12.1923},
     MRKEY = {3892968},
 ZBLNUMBER = {1407.14024},
}

@book {Hartshorne1977,
       MR = {57:3116},
   AUTHOR = {Hartshorne, Robin},
    TITLE = {Algebraic geometry},
   SERIES = {Graduate Texts in Mathematics},
   NUMBER = {52},
PUBLISHER = {Springer},
  ADDRESS = {New York},
     YEAR = {1977},
    PAGES = {xvi+496},
     ISBN = {0-387-90244-9},
 ZBLNUMBER = {0367.14001},
}

@book {Fulton,
        MR = {85k:14004},
   AUTHOR = {Fulton, William},
    TITLE = {Intersection theory},
   SERIES = {Ergebnisse der Mathematik und ihrer Grenzgebiete (3)},
    NUMBER = {2},
PUBLISHER = {Springer},
  ADDRESS = {Berlin},
     YEAR = {1984},
    PAGES = {xi+470},
     ISBN = {3-540-12176-5},
 ZBLNUMBER = {0541.14005},
}

@article {Serre1955,
        MR = {16:953c},
   AUTHOR = {Serre, Jean-Pierre},
    TITLE = {Faisceaux alg\'ebriques coh\'erents},
  JOURNAL = {Ann. of Math. $(2)$},
   VOLUME = {61},
     YEAR = {1955},
    PAGES = {197--278},
       DOI = {10.2307/1969915},
 ZBLNUMBER = {0067.16201},
}

@article {SerreGAGA,
    AUTHOR = {Serre, Jean-Pierre},
     TITLE = {G\'eom\'etrie alg\'ebrique et g\'eom\'etrie analytique},
   JOURNAL = {Ann. Inst. Fourier, Grenoble},
  FJOURNAL = {Universit\'e de Grenoble. Annales de l'Institut Fourier},
    VOLUME = {6},
      YEAR = {1955--1956},
     PAGES = {1--42},
      ISSN = {0373-0956},
   MRCLASS = {53.3X},
  MRNUMBER = {18,511a},
MRREVIEWER = {H. Cartan},
     MRKEY = {0082175},
 ZBLNUMBER = {0075.30401},
}

@article {MR702954,
    AUTHOR = {Knudsen, Finn F.},
     TITLE = {The projectivity of the moduli space of stable curves, {III}:
              {T}he line bundles on {$M_{g,n}$}, and a proof of the
              projectivity of {$\ovM_{g,n}$} in characteristic
              {$0$}},
   JOURNAL = {Math. Scand.},
  FJOURNAL = {Mathematica Scandinavica},
    VOLUME = {52},
      YEAR = {1983},
    NUMBER = {2},
     PAGES = {200--212},
      ISSN = {0025-5521},
   MRCLASS = {14H10 (14D20 14D22)},
  MRNUMBER = {702954},
MRREVIEWER = {P. E. Newstead},
       DOI = {10.7146/math.scand.a-12002},
     MRKEY = {702954},
 ZBLNUMBER = {0544.14021},
}
		

@book {Eisenbud95,
       MR = {97a:13001},
   AUTHOR = {Eisenbud, David},
    TITLE = {Commutative algebra with a view toward algebraic geometry},
   SERIES = {Graduate Texts in Mathematics},
   NUMBER = {150},
PUBLISHER = {Springer},
  ADDRESS = {New York},
     YEAR = {1995},
    PAGES = {xvi+785},
     ISBN = {0-387-94268-8; 0-387-94269-6},
 ZBLNUMBER = {0819.13001},
}

@book {Eisenbud1995,
       MR = {97a:13001},
   AUTHOR = {Eisenbud, David},
    TITLE = {Commutative algebra with a view toward algebraic geometry},
   SERIES = {Graduate Texts in Mathematics},
   NUMBER = {150},
PUBLISHER = {Springer},
  ADDRESS = {New York},
     YEAR = {1995},
    PAGES = {xvi+785},
     ISBN = {0-387-94268-8; 0-387-94269-6},
 ZBLNUMBER = {0819.13001},
}

@article {MR2247964,
    AUTHOR = {Vakil, Ravi},
     TITLE = {A geometric {L}ittlewood--{R}ichardson rule},
      invNOTE = {Appendix A written with A. Knutson},
   JOURNAL = {Ann. of Math. $(2)$},
  FJOURNAL = {Annals of Mathematics. Second Series},
    VOLUME = {164},
      YEAR = {2006},
    NUMBER = {2},
     PAGES = {371--421},
      ISSN = {0003-486X},
     CODEN = {ANMAAH},
   MRCLASS = {05E10 (14N15)},
  MRNUMBER = {2007f:05184},
MRREVIEWER = {Grant Walker},
       DOI = {10.4007/annals.2006.164.371},
     MRKEY = {2247964},
 ZBLNUMBER = {1163.05337},
}

@book {Brieskorn1986,
       MR = {88a:14001},
   AUTHOR = {Brieskorn, Egbert and Kn{\"o}rrer, Horst},
    TITLE = {Plane algebraic curves},
  INVNOTE = {Translated from the German by John Stillwell},
PUBLISHER = {Birkh\"auser},
  ADDRESS = {Basel},
     YEAR = {1986},
    PAGES = {vi+721},
     ISBN = {3-7643-1769-8},
 ZBLNUMBER = {0588.14019},
}

@book {Walker1978,
       MR = {11:387e},
   AUTHOR = {Walker, Robert J.},
    TITLE = {Algebraic curves},
     NOTE = {Reprinted by Dover, 1962, and Springer-Verlag, 1978},
   SERIES = {Princeton Mathematical Series},
   NUMBER = {13},
PUBLISHER = {Princeton University Press},
  ADDRESS = {Princeton, NJ},
     YEAR = {1950},
    PAGES = {x+201},
 ZBLNUMBER = {0039.37701},
}

@incollection {Iarrobino1985,
       MR = {86k:14001},
   AUTHOR = {Iarrobino, Anthony},
    TITLE = {Compressed algebras and components of the punctual Hilbert
             scheme},
BOOKTITLE = {Algebraic geometry},
    VENUE = {Sitges, Barcelona, 1983},
   EDITOR = {E. Casas-Alvero},
   SERIES = {LNM},
   NUMBER = {1124},
    PAGES = {146--165},
PUBLISHER = {Springer},
  ADDRESS = {Berlin},
     YEAR = {1985},
 ZBLNUMBER = {0567.14001},
}

@book {Atiyah-MacDonald,
       MR = {39:4129},
   AUTHOR = {Atiyah, M. F. and Macdonald, I. G.},
    TITLE = {Introduction to commutative algebra},
PUBLISHER = {Addison-Wesley},
  ADDRESS = {Reading, MA},
     YEAR = {1969},
    PAGES = {ix+128},
 ZBLNUMBER = {0175.03601},
}

@book {Weyman-book,
    AUTHOR = {Weyman, Jerzy},
     TITLE = {Cohomology of vector bundles and syzygies},
    SERIES = {Cambridge Tracts in Mathematics},
    NUMBER = {149},
 PUBLISHER = {Cambridge University Press, Cambridge},
      YEAR = {2003},
     PAGES = {xiv+371},
      ISBN = {0-521-62197-6},
   MRCLASS = {13D02 (13C40 14L30 14M12 14M15 14M17 20G15)},
  MRNUMBER = {1988690},
MRREVIEWER = {Laurent Manivel},
       DOI = {10.1017/CBO9780511546556},
     MRKEY = {1988690},
 ZBLNUMBER = {1075.13007},
}

@article{Hilbert1890,
   AUTHOR = {David Hilbert},
    TITLE = {\"Uber die Theorie der algebraischen Formen},
  JOURNAL = {Mathematische Annalen},
   VOLUME = {36},
     YEAR = {1890},
    PAGES = {473-534},
       DOI = {10.1007/BF01208503},
 ZBLNUMBER = {22.0133.01},
}

@article {Griffiths-Harris-BN,
    AUTHOR = {Griffiths, Phillip and Harris, Joseph},
     TITLE = {On the variety of special linear systems on a general
              algebraic curve},
   JOURNAL = {Duke Math. J.},
  FJOURNAL = {Duke Mathematical Journal},
    VOLUME = {47},
      YEAR = {1980},
    NUMBER = {1},
     PAGES = {233--272},
      ISSN = {0012-7094},
     CODEN = {DUMJAO},
   MRCLASS = {14N10 (14C20 14M15)},
  MRNUMBER = {81e:14033},
MRREVIEWER = {Ragni Piene},
       URL = {http://projecteuclid.org/euclid.dmj/1077313873},
     MRKEY = {563378},
 ZBLNUMBER = {0446.14011},
}

@book {Harris1995,
       MR = {97e:14001},
   AUTHOR = {Harris, Joe},
    TITLE = {Algebraic geometry: A first course},
     NOTE = {Corrected reprint 1995},
PUBLISHER = {Springer},
   SERIES = {GTM},
   NUMBER = {133},
  ADDRESS = {New York},
     YEAR = {1992},
    PAGES = {xx+328},
     ISBN = {0-387-97716-3},
 ZBLNUMBER = {0779.14001},
}

@article {Kadets,
    AUTHOR = {Kadets, Borys},
     TITLE = {Sectional monodromy groups of projective curves},
   JOURNAL = {J. Lond. Math. Soc. $(2)$},
  FJOURNAL = {Journal of the London Mathematical Society. Second Series},
    VOLUME = {103},
      YEAR = {2021},
    NUMBER = {1},
     PAGES = {314--335},
      ISSN = {0024-6107},
   MRCLASS = {14H50 (12F10 14E20)},
  MRNUMBER = {4203051},
MRREVIEWER = {Xiao-Lei Liu},
       DOI = {10.1112/jlms.12375},
     MRKEY = {4203051},
 ZBLNUMBER = {1464.14031},
}

@article {Rathmann,
    AUTHOR = {Rathmann, J\"{u}rgen},
     TITLE = {The uniform position principle for curves in characteristic
              {$p$}},
   JOURNAL = {Math. Ann.},
  FJOURNAL = {Mathematische Annalen},
    VOLUME = {276},
      YEAR = {1987},
    NUMBER = {4},
     PAGES = {565--579},
      ISSN = {0025-5831},
   MRCLASS = {14H45},
  MRNUMBER = {879536},
MRREVIEWER = {Sebastian Xamb\'{o} Descamps},
       DOI = {10.1007/BF01456986},
     MRKEY = {879536},
 ZBLNUMBER = {0595.14041},
}

@article {MR1603255,
    AUTHOR = {Hirschowitz, A. and Ramanan, S.},
     TITLE = {New evidence for {G}reen's conjecture on syzygies of canonical
              curves},
   JOURNAL = {Ann. Sci. \'{E}cole Norm. Sup. (4)},
  FJOURNAL = {Annales Scientifiques de l'\'{E}cole Normale Sup\'{e}rieure. Quatri\`eme
              S\'{e}rie},
    VOLUME = {31},
      YEAR = {1998},
    NUMBER = {2},
     PAGES = {145--152},
      ISSN = {0012-9593},
   MRCLASS = {14H10 (13D02)},
  MRNUMBER = {1603255},
MRREVIEWER = {Luca Chiantini},
       DOI = {10.1016/S0012-9593(98)80013-X},
       URL = {https://doi-org.libproxy.berkeley.edu/10.1016/S0012-9593(98)80013-X},
}

@book {Gantmacher,
    AUTHOR = {Gantmacher, F. R.},
     TITLE = {The theory of matrices}, 
volume=2,
    invnote = {Translated by K. A. Hirsch},
 PUBLISHER = {Chelsea, New York},
      YEAR = {1959},
     invPAGES = {Vol. 1, x+374 pp. Vol. 2, ix+276},
   MRCLASS = {15.00 (65.00)},
  MRNUMBER = {0107649},
     MRKEY = {0107649},
 ZBLNUMBER = {0085.01001},
}

@article {Eisenbud-Sammartano,
    AUTHOR = {Eisenbud, David and Sammartano, Alessio},
     TITLE = {Correspondence scrolls},
   JOURNAL = {Acta Math. Vietnam.},
  FJOURNAL = {Acta Mathematica Vietnamica},
    VOLUME = {44},
      YEAR = {2019},
    NUMBER = {1},
     PAGES = {101--116},
      ISSN = {0251-4184},
   MRCLASS = {14N05 (13C40 13H10 13P10 14J26 14J28 14J32 14M20)},
  MRNUMBER = {3935293},
MRREVIEWER = {Kangjin Han},
       DOI = {10.1007/s40306-018-0296-6},
     MRKEY = {3935293},
 ZBLNUMBER = {1456.14048},
}
@article {Mumford1962,
       MR = {26:6177},
   AUTHOR = {Mumford, David},
    TITLE = {Further pathologies in algebraic geometry},
  JOURNAL = {Amer. J. Math.},
   VOLUME = {84},
     YEAR = {1962},
    PAGES = {642--648},
       DOI = {10.2307/2372870},
 ZBLNUMBER = {0114.13106},
}

@book {Montreal,
    AUTHOR = {Harris, Joe},
     TITLE = {Curves in projective space},
    SERIES = {S\'{e}minaire de Math\'{e}matiques Sup\'{e}rieures},
    number = {85},
      NOTE = {With the collaboration of David Eisenbud},
 PUBLISHER = {Presses de l'Universit\'{e} de Montr\'{e}al},
      YEAR = {1982},
     PAGES = {138},
      ISBN = {2-7606-0603-1},
   MRCLASS = {14Hxx (14-02)},
  MRNUMBER = {685427},
MRREVIEWER = {Ciro Ciliberto},
     MRKEY = {685427},
 ZBLNUMBER = {0511.14014},
}

	
@book {MR0115124,
    AUTHOR = {Salmon, George},
     TITLE = {A treatise on the higher plane curves: intended as a sequel to
              {A} treatise on conic sections},
      edition = {3rd},
 PUBLISHER = {Hodges, Foster and Figgis},
note = {Reprinted Chelsea, New York, 1960},
      YEAR = {1879},
     PAGES = {xix+395},
   MRCLASS = {50.00 (53.00)},
  MRNUMBER = {0115124},
url = {https://archive.org/details/117724690},
     MRKEY = {0115124},
 ZBLNUMBER = {05.0340.03},
}
                  
@book {Salmon1852,
    AUTHOR = {Salmon, George},
     TITLE = {A treatise on the higher plane curves: intended as a sequel to
              {A} treatise on conic sections},
 PUBLISHER = {Hodges and Smith},
address = {Dublin},
      YEAR = {1852},
url = {https://catalog.hathitrust.org/Record/000381547},
 ZBLNUMBER = {05.0340.03},
}

		

@article{Trott,
author = {Trott, Michael},
title = {Applying {\tt GroebnerBasis} to three problems in geometry},
journal = {Mathematica Educ. Res.},
volume = {6},
pages = {15-28},
year = {1997},
 ZBLNUMBER = {0159.49801},
}

@phdthesis{Schwartau,
author = {Phillip Schwartau},
title = {Liaison addition and monomial ideals},
school = {Brandeis University},
type = {Ph.D. thesis},
year = {1982},
}
